2736 3373
572 231 708 282 Nolis
736 231 871 295 longa
895 221 1027 282 ferae
1053 232 1167 283 bella
1193 235 1484 285 Numantiae.

344 353 352 358 .
569 310 673 360 Nec
702 311 861 359 durum
890 310 1187 361 Hannibalem
1215 333 1297 363 nec
1325 313 1523 363 Siculum
1552 331 1684 361 mare.

191 387 340 437 Carm.
368 388 425 437 Π.
451 397 492 441 8.
517 398 568 446 6,
588 399 640 446 7,
665 399 708 441 8·

569 469 796 515 Perfidurn
823 470 941 515 votis
968 481 1100 531 caput
1127 471 1357 528 enitescis,

570 546 811 592 Pulchrior
837 547 978 594 multo
1007 549 1300 614 iuvenumque
1320 549 1485 608 prodis

1002 628 1195 673 Publica
1221 644 1344 676 cura.

189 697 367 760 Quibus
403 701 449 748 in
488 702 688 750 versibus
725 716 954 767 praeterea
994 711 1075 751 tria
1112 706 1210 762 illa,
1253 721 1367 769 quae
1395 706 1553 759 statui,
1591 704 1913 750 allitterationis
1941 719 2098 766 genera
2128 702 2364 749 coniuncta
2392 714 2515 762 repe·

188 777 369 825 riuntnr.
427 780 519 826 Sed
547 797 603 827 ne
631 798 683 827 ex
712 783 918 829 omnibus
947 783 1113 843 eclogis
1141 784 1268 828 avide
1296 783 1637 845 conquisivisse,
1676 799 1785 827 neve
1815 783 1943 827 nimis
1974 782 2110 826 multa
2138 793 2426 825 coacervasse
2456 776 2517 819 vi·

189 854 296 901 dear
334 858 557 920 exempla,
595 858 641 904 in
679 860 987 907 enumerandis
1028 862 1116 909 illis
1154 861 1217 907 ita
1254 872 1456 908 versatus
1485 877 1610 915 sum,
1652 871 1698 906 ut
1729 876 1752 905 e
1782 861 1926 922 primo
1959 870 2126 906 tantum
2155 857 2333 904 Horatii
2365 855 2515 902 Carm.

189 932 304 980 libro
343 933 667 982 allitterationis
708 937 944 1002 exempla,
969 954 1081 1000 quae
1108 937 1219 983 mibi
1248 955 1346 983 esse
1376 938 1652 993 viderentur,
1695 937 1961 1000 colligerem.
2017 938 2121 997 Qua
2148 937 2194 981 in
2222 951 2270 980 re
2298 933 2516 979 nonnulla

189 1028 260 1058 me
290 1012 518 1069 omisisse,
545 1013 761 1060 nonnulla
789 1015 923 1061 etiam
949 1015 1217 1079 protulisse,
1248 1033 1359 1079 qnae
1387 1016 1462 1063 alii
1490 1015 1576 1062 buc
1605 1033 1697 1061 non
1727 1016 1947 1080 pertinere
1978 1015 2247 1070 iudicabunt,
2275 1011 2385 1059 mibi
2413 1028 2514 1075 per·

188 1091 494 1136 suasissimum
530 1084 610 1141 est.
667 1092 859 1138 Difficile
897 1103 967 1140 est
1002 1094 1143 1149 enim,
1183 1104 1230 1140 ut
1266 1094 1356 1141 iam
1394 1095 1571 1159 saepius
1598 1095 1815 1141 monitum
1844 1104 1937 1151 est,
1977 1093 2105 1140 huius
2133 1093 2197 1140 rei
2225 1091 2334 1139 fines
2365 1099 2513 1138 certos

189 1168 502 1224 constituere,
524 1185 659 1231 quum
701 1188 836 1216 unum
876 1172 1081 1235 idemque
1118 1187 1254 1234 saepe
1293 1187 1382 1218 uuo
1423 1173 1526 1219 loco
1561 1172 1619 1218 ad
1645 1172 1968 1218 allitterationis
1999 1170 2201 1231 exempla
2229 1166 2512 1215 referendum

188 1260 313 1300 esse,
342 1246 483 1292 altero
512 1264 605 1293 non
635 1264 732 1295 esse
761 1249 970 1295 videatur.

350 1324 386 1371 Ι.
441 1324 583 1370 Primi
620 1327 794 1386 generis
831 1327 1032 1388 exempla
1066 1344 1119 1373 ex
1145 1329 1322 1374 Horatii
1352 1328 1502 1376 Carm.
1529 1329 1644 1374 libro
1676 1340 1692 1374 1
1722 1329 1829 1374 baec
1856 1328 1965 1373 mibi
1993 1326 2231 1379 annotavi,
2269 1332 2512 1386 praeeunte

187 1399 382 1462 Naelrio‚
413 1401 612 1447 ordinem
640 1414 817 1449 secutus
846 1403 1114 1460 litterarum,
1142 1405 1273 1450 aliam
1303 1405 1524 1467 quandam
1552 1406 1881 1450 distinctionem
1911 1416 1954 1449 et
1982 1403 2339 1449 distributionem
2367 1401 2514 1461 singu·

185 1478 332 1526 lorum
360 1478 488 1526 buius
516 1478 691 1539 generis
720 1479 945 1537 locorum,
976 1500 1109 1544 qnam
1137 1482 1280 1529 facere
1308 1483 1458 1537 liceat,
1487 1484 1699 1544 exemplis
1730 1483 1997 1527 enumeratis
2026 1484 2297 1542 prolaturus.

185 1558 241 1603 A.
300 1569 344 1613 1,
377 1566 450 1603 123
488 1558 640 1617 Agros
669 1558 889 1605 Attalicis.
946 1570 1007 1615 2,·
1026 1571 1103 1606 323
1140 1564 1299 1619 Augur
1324 1563 1511 1621 Apollo.
1566 1573 1614 1614 2,
1643 1572 1723 1611 423
1762 1561 1874 1605 Ales
1903 1563 1951 1604 in
1980 1562 2106 1604 terris
2135 1560 2321 1604 imitaris
2351 1560 2513 1601 almae·

292 1646 344 1690 7,
372 1644 450 1687 24:
488 1632 681 1681 Adfatus
709 1634 895 1682 amicos.
949 1648 997 1692 9,
1030 1646 1103 1683 153
1139 1639 1360 1700 Adpone:
1389 1656 1473 1684 nec
1502 1640 1654 1685 dulces
1684 1654 1880 1683 amores.
1935 1647 2014 1691 22,
2046 1644 2117 1689 183
2146 1639 2302 1684 Arbor
2331 1637 2511 1682 aestiva

291 1723 513 1759 recreatur
540 1731 667 1761 aura.
696 1714 789 1771 (ll.)
816 1718 861 1773 *)
902 1725 970 1770 23,
998 1728 1046 1770 93
1074 1716 1213 1778 Atqui
1240 1734 1332 1762 non
1362 1733 1445 1778 ego
1472 1725 1539 1769 te,
1567 1718 1691 1777 tigris
1720 1727 1769 1760 ut
1796 1731 1974 1777 aspera.
2031 1721 2110 1769 25,
2141 1727 2192 1759 83
2220 1718 2350 1759 Anus
2381 1727 2509 1757 arro-

290 1801 460 1852 ganteS.
515 1797 592 1845 28,
629 1801 678 1844 9:
717 1792 906 1837 Arcanis
934 1819 989 1827 —
1017 1793 1257 1839 admissus.
1314 1804 1392 1847 29,
1435 1805 1511 1838 103
1551 1796 1677 1838 Arcu
1705 1807 1892 1856 paterno
1925 1795 2021 1857 quis
2051 1804 2183 1854 neget
2210 1792 2383 1837 arduis.
2441 1801 2509 1846 31,

290 1873 342 1916 63
369 1871 589 1915 Armenta
616 1886 710 1914 non
739 1887 898 1915 aurum
927 1882 1009 1916 aut
1037 1872 1149 1917 ebur
1174 1871 1380 1917 Indicum
1407 1876 1484 1928 **).
1540 1883 1607 1926 31,
1634 1878 1685 1916 83
1715 1873 1898 1917 Mordet
1925 1886 2046 1934 aqna
2072 1872 2314 1917 taciturnus
2344 1868 2508 1919 amnis.

291 1954 373 2002 83,
402 1959 475 1993 113
503 1951 653 2010 Atque
684 1948 863 1994 animos
893 1951 976 1994 sub
1006 1951 1109 2011 iuga
1136 1966 1293 1996 aenea.
1349 1958 1425 2007 35,
1458 1957 1526 1998 153
1554 1952 1635 1994 Ad
1660 1965 1798 1994 arma
1826 1958 2076 2002 cessantes,
2106 1950 2172 1993 ad
2195 1964 2346 1993 arma.

183 2029 241 2073 Ε.
298 2040 379 2079 ³4,
405 2034 457 2072 83
486 2026 594 2086 Egit
625 2044 779 2090 equos.
833 2037 909 2083 ³5,
939 2041 1018 2072 ³1:
1045 2027 1246 2071 Examen
1274 2028 1404 2072 Eois.

181 2107 218 2154 I.
275 2119 317 2164 7,
348 2112 425 2151 823
455 2106 613 2166 ingens
640 2106 896 2152 iterabimus
925 2123 1111 2171 aequor.
1171 2117 1236 2162 27,
1263 2107 1338 2150 263
1365 2105 1703 2153 Incontineutes
1732 2106 1909 2153 iniiciat.
1966 2114 2034 2161 27,
2063 2107 2114 2151 6:
2142 2104 2346 2151 Immane
2377 2117 2510 2167 quan·

287 2197 385 2232 tum
413 2183 659 2246 discrepat!
684 2185 893 2251 Impium.
921 2187 1018 2243 (ΙΙ.)
1072 2194 1127 2239 27
1136 2218 1149 2239 ,
1179 2186 1256 2228 163
1279 2183 1468 2242 Ignibus
1498 2184 1793 2246 ingenuoque.

185 2265 240 2311 Ο.
296 2271 372 2318 15,
403 2275 451 2309 33
483 2262 644 2308 Obruit
671 2265 780 2308 otio.

185 2343 242 2388 U.
302 2343 376 2397 16,
403 2347 481 2387 183
514 2339 710 2386 Urbibus
739 2341 931 2387 ultimae.

184 2422 234 2467 C.
291 2433 331 2474 1,
360 2430 416 2475 27
427 2438 438 2464 3
469 2418 637 2465 Gatnlis
656 2436 794 2465 verva
822 2425 925 2478 ***).
979 2428 1019 2473 2,
1047 2430 1123 2471 34:
1153 2418 1294 2478 Quam
1323 2420 1447 2465 iocus
1476 2419 1762 2466 circumvolat
1792 2428 1834 2463 et
1854 2418 2038 2480 cupido.
2084 2418 2199 2474 (ΙΙΙ.)
2226 2423 2266 2472 8,
2293 2420 2368 2462 163
2403 2416 2506 2463 Cnl-

287 2510 357 2545 tus
399 2498 444 2543 in
481 2497 663 2543 caedem
703 2507 747 2543 et
786 2497 951 2560 Lycias
988 2498 1241 2561 proriperet
1277 2497 1481 2545 catervas
1521 2497 1578 2556 (ll
1608 2506 1651 2542 et
1681 2496 1775 2556 ΙΙΙ).
1836 2497 1909 2552 16,
1936 2505 1986 2542 23
2028 2494 2289 2543 Criminosis
2319 2512 2507 2560 cunque.

295 2670 334 2715 *)
365 2668 573 2706 Coniuncta
605 2674 694 2704 sunt
726 2669 762 2703 in
795 2667 868 2704 boc
898 2679 1007 2704 versu
1042 2670 1200 2715 primum
1232 2675 1272 2705 et
1301 2668 1524 2711 secundum,
1556 2668 1653 2714 quod
1687 2670 1822 2711 statui,
1854 2670 2139 2706 ullittentionis
2169 2679 2309 2715 genus,
2341 2667 2380 2702 id
2406 2667 2507 2713 quod

365 2733 494 2770 multi·
520 2732 635 2776 locis,
659 2734 724 2780 qui
748 2734 883 2770 deiude
908 2733 1123 2777 afferentur,
1150 2735 1329 2780 reperies,
1353 2734 1527 2780 quodque
1551 2733 1762 2780 significavi
1786 2734 1917 2772 addito
1941 2734 2032 2781 (n);
2057 2733 2187 2771 eodem
2211 2732 2326 2769 modo
2351 2732 2507 2769 tertium

368 2808 488 2847 genus
512 2798 577 2833 ubi
600 2808 684 2834 cum
710 2797 780 2834 boc
806 2799 926 2846 primo
949 2799 1189 2834 coniunctum
1215 2803 1291 2841 est,
1316 2797 1388 2834 boc
1411 2799 1539 2835 addito
1565 2797 1655 2842 (ΙΙΙ)
1681 2798 1821 2835 notavi.

271 2881 334 2925 **)
364 2879 542 2916 Pluribus
575 2878 764 2915 continuis
794 2881 1010 2923 vocalibus,
1041 2891 1263 2927 quamquam
1296 2880 1478 2921 diversis,
1506 2879 1817 2916 allitterationem
1847 2886 1970 2917 tumen
2005 2879 2187 2925 quandam
2214 2881 2333 2920 effici,
2366 2880 2504 2925 quippo

364 2954 460 2997 quae
486 2953 579 2981 nure
602 2943 854 2992 percipiatur,
877 2954 949 2980 nou
976 2945 1111 2989 oculo,
1135 2956 1251 2993 supra
1275 2948 1492 2982 annotatum
1518 2948 1589 2984 est.
1639 2944 1709 2985 err.
1735 2956 1771 2992 p.
1796 2950 1833 2985 7.

247 3029 332 3070 ***)
362 3024 579 3077 Debui-um
602 3027 802 3065 verborum
825 3024 1096 3064 allitterutione
1121 3031 1233 3064 erunt
1256 3027 1418 3064 tortasse
1441 3027 1504 3074 qui
1528 3026 1721 3070 dubitent,
1754 3027 1965 3074 cogitante·
1990 3027 2036 3063 de
2061 3027 2231 3072 diversa,
2256 3039 2330 3075 qus
2354 3037 2421 3062 no·
2446 3028 2504 3063 uti

363 3091 547 3134 solemus,
579 3091 745 3128 litterum
775 3105 795 3125 c
824 3090 1089 3139 pronuntiandi
1119 3092 1279 3129 ratione.
1328 3092 1487 3129 Vetere·
1518 3097 1644 3130 autem
1669 3092 1764 3128 banc
1788 3091 2053 3139 pronuntiandi
2075 3091 2334 3129 divenitnae-
2358 3091 2505 3127 nescie-

363 3156 454 3191 bnt
481 3155 528 3191 ab
560 3155 684 3203 iisque
705 3169 726 3190 c
748 3156 787 3191 in
811 3160 970 3203 utroque
996 3157 1111 3193 verbo
1137 3168 1254 3204 supra
1276 3155 1392 3193 allato
1419 3157 1550 3193 eodem
1576 3156 1688 3193 modo
1713 3156 2026 3204 pronuntiabatur
2051 3156 2120 3195 cfr.
2147 3158 2187 3194 C.
2212 3156 2255 3193 1..
2281 3153 2503 3194 submoueri

362 3218 527 3262 cnam.
553 3222 592 3266 1,
617 3227 660 3267 ι,
684 3231 722 3271 p.
746 3224 820 3263 243
844 3232 900 3270 sq.
1216 3220 1222 3226 '

1818 3292 1846 3329 2
