<?xml version="1.0" encoding="UTF-8"?>
<!DOCTYPE html PUBLIC "-//W3C//DTD XHTML 1.0 Transitional//EN"
    "http://www.w3.org/TR/xhtml1/DTD/xhtml1-transitional.dtd">
<html xmlns="http://www.w3.org/1999/xhtml" xml:lang="en" lang="en">
 <head>
  <title>
</title>
<meta http-equiv="Content-Type" content="text/html;charset=utf-8" />
  <meta name='ocr-system' content='tesseract 3.04.00' />
  <meta name='ocr-capabilities' content='ocr_page ocr_carea ocr_par ocr_line ocrx_word'/>
</head>
<body>
  <div class='ocr_page' id='page_1' title='image "4775964_0012.png"; bbox 0 0 2736 3373; ppageno 0'>
   <div class='ocr_carea' id='block_1_1' title="bbox 214 202 2610 660">
    <p class='ocr_par' dir='ltr' id='par_1_1' title="bbox 214 202 2610 660">
     <span class='ocr_line' id='line_1_1' title="bbox 377 202 2554 265; baseline -0.002 -13"><span class='ocrx_word' id='word_1_1' title='bbox 377 202 656 258; x_wconf 83' lang='lat' dir='ltr'>Wolffinm,</span> <span class='ocrx_word' id='word_1_2' title='bbox 699 203 772 265; x_wconf 86' lang='lat' dir='ltr'>qui</span> <span class='ocrx_word' id='word_1_3' title='bbox 813 214 856 250; x_wconf 92' lang='lat' dir='ltr'>et</span> <span class='ocrx_word' id='word_1_4' title='bbox 895 202 995 263; x_wconf 76' lang='lat' dir='ltr'>ipse</span> <span class='ocrx_word' id='word_1_5' title='bbox 1022 202 1243 250; x_wconf 78' lang='lat' dir='ltr'>Naekium</span> <span class='ocrx_word' id='word_1_6' title='bbox 1272 216 1479 258; x_wconf 82' lang='lat' dir='ltr'>secutus,</span> <span class='ocrx_word' id='word_1_7' title='bbox 1515 203 1876 257; x_wconf 70' lang='lat' dir='ltr'>allitterationem</span> <span class='ocrx_word' id='word_1_8' title='bbox 1908 205 2024 251; x_wconf 77' lang='lat' dir='ltr'>lianc</span> <span class='ocrx_word' id='word_1_9' title='bbox 2053 215 2191 250; x_wconf 74' lang='lat' dir='ltr'>totam</span> <span class='ocrx_word' id='word_1_10' title='bbox 2219 205 2554 265; x_wconf 75' lang='lat' dir='ltr'>remappellat,</span> 
     </span>
     <span class='ocr_line' id='line_1_2' title="bbox 214 280 2610 347; baseline 0 -19"><span class='ocrx_word' id='word_1_11' title='bbox 214 280 355 329; x_wconf 83' lang='lat' dir='ltr'>miror</span> <span class='ocrx_word' id='word_1_12' title='bbox 392 280 644 329; x_wconf 81' lang='lat' dir='ltr'>addidisse:</span> <span class='ocrx_word' id='word_1_13' title='bbox 685 291 907 335; x_wconf 88' lang='lat' dir='ltr'>„veteres‚</span> <span class='ocrx_word' id='word_1_14' title='bbox 951 299 1220 343; x_wconf 83' lang='lat' dir='ltr'>quamquam</span> <span class='ocrx_word' id='word_1_15' title='bbox 1260 281 1388 343; x_wconf 84' lang='lat' dir='ltr'>plura</span> <span class='ocrx_word' id='word_1_16' title='bbox 1416 282 1601 327; x_wconf 87' lang='lat' dir='ltr'>nomina</span> <span class='ocrx_word' id='word_1_17' title='bbox 1631 295 1776 337; x_wconf 86' lang='lat' dir='ltr'>erant,</span> <span class='ocrx_word' id='word_1_18' title='bbox 1819 283 2080 347; x_wconf 81' lang='lat' dir='ltr'>plerumque</span> <span class='ocrx_word' id='word_1_19' title='bbox 2109 291 2156 329; x_wconf 80' lang='lat' dir='ltr'>et</span> <span class='ocrx_word' id='word_1_20' title='bbox 2174 291 2290 342; x_wconf 79' lang='lat' dir='ltr'>puto</span> <span class='ocrx_word' id='word_1_21' title='bbox 2319 283 2557 342; x_wconf 63' lang='lat' dir='ltr'>apulsaisn-</span> <span class='ocrx_word' id='word_1_22' title='bbox 2608 317 2610 319; x_wconf 91' lang='lat'>-</span> 
     </span>
     <span class='ocr_line' id='line_1_3' title="bbox 215 359 2555 424; baseline -0 -18"><span class='ocrx_word' id='word_1_23' title='bbox 215 376 321 407; x_wconf 83' lang='lat' dir='ltr'>eam</span> <span class='ocrx_word' id='word_1_24' title='bbox 351 366 572 406; x_wconf 75' lang='lat' dir='ltr'>vocarunt</span> <span class='ocrx_word' id='word_1_25' title='bbox 599 361 1048 412; x_wconf 57' lang='lat' dir='ltr'>(imminutionem,</span> <span class='ocrx_word' id='word_1_26' title='bbox 1077 376 1104 404; x_wconf 88' lang='lat' dir='ltr'>a</span> <span class='ocrx_word' id='word_1_27' title='bbox 1134 359 1344 414; x_wconf 74' lang='lat' dir='ltr'>Graecis,</span> <span class='ocrx_word' id='word_1_28' title='bbox 1373 371 1422 404; x_wconf 87' lang='lat' dir='ltr'>nt</span> <span class='ocrx_word' id='word_1_29' title='bbox 1449 360 1533 415; x_wconf 76' lang='lat' dir='ltr'>alia</span> <span class='ocrx_word' id='word_1_30' title='bbox 1560 362 1745 406; x_wconf 84' lang='lat' dir='ltr'>nomina</span> <span class='ocrx_word' id='word_1_31' title='bbox 1773 365 2073 424; x_wconf 78' lang='lat' dir='ltr'>praeteream,</span> <span class='ocrx_word' id='word_1_32' title='bbox 2102 361 2288 406; x_wconf 77' lang='lat' dir='ltr'><strong>maxime</strong></span> <span class='ocrx_word' id='word_1_33' title='bbox 2315 362 2555 420; x_wconf 78' lang='grc' dir='ltr'><strong><em>παρήχησις</em></strong></span> 
     </span>
     <span class='ocr_line' id='line_1_4' title="bbox 215 434 2553 499; baseline -0 -15"><span class='ocrx_word' id='word_1_34' title='bbox 215 437 333 485; x_wconf 91' lang='lat' dir='ltr'>dicta</span> <span class='ocrx_word' id='word_1_35' title='bbox 360 444 470 492; x_wconf 87' lang='lat' dir='ltr'>est“,</span> <span class='ocrx_word' id='word_1_36' title='bbox 501 454 635 499; x_wconf 89' lang='lat' dir='ltr'>quum</span> <span class='ocrx_word' id='word_1_37' title='bbox 657 436 743 482; x_wconf 89' lang='lat' dir='ltr'>iam</span> <span class='ocrx_word' id='word_1_38' title='bbox 775 434 969 483; x_wconf 88' lang='lat' dir='ltr'>Naekius</span> <span class='ocrx_word' id='word_1_39' title='bbox 1001 437 1175 483; x_wconf 84' lang='lat' dir='ltr'>disertis</span> <span class='ocrx_word' id='word_1_40' title='bbox 1205 438 1349 484; x_wconf 84' lang='lat' dir='ltr'>verbis</span> <span class='ocrx_word' id='word_1_41' title='bbox 1379 439 1804 485; x_wconf 79' lang='lat' dir='ltr'>annominationem</span> <span class='ocrx_word' id='word_1_42' title='bbox 1833 440 1950 485; x_wconf 79' lang='lat' dir='ltr'>dieat</span> <span class='ocrx_word' id='word_1_43' title='bbox 1977 456 2142 485; x_wconf 91' lang='lat' dir='ltr'>nomen</span> <span class='ocrx_word' id='word_1_44' title='bbox 2158 453 2250 484; x_wconf 83' lang='lat' dir='ltr'>non</span> <span class='ocrx_word' id='word_1_45' title='bbox 2265 438 2379 483; x_wconf 84' lang='lat' dir='ltr'>satis</span> <span class='ocrx_word' id='word_1_46' title='bbox 2394 445 2553 498; x_wconf 83' lang='lat' dir='ltr'>aptum</span> 
     </span>
     <span class='ocr_line' id='line_1_5' title="bbox 214 515 2554 582; baseline -0 -20"><span class='ocrx_word' id='word_1_47' title='bbox 214 517 317 564; x_wconf 86' lang='lat' dir='ltr'>huic</span> <span class='ocrx_word' id='word_1_48' title='bbox 361 516 444 564; x_wconf 87' lang='lat' dir='ltr'>toti</span> <span class='ocrx_word' id='word_1_49' title='bbox 472 517 536 563; x_wconf 87' lang='lat' dir='ltr'>rei</span> <span class='ocrx_word' id='word_1_50' title='bbox 566 515 794 577; x_wconf 84' lang='lat' dir='ltr'>multoque</span> <span class='ocrx_word' id='word_1_51' title='bbox 821 515 1059 562; x_wconf 72' lang='lat' dir='ltr'>artioribus</span> <span class='ocrx_word' id='word_1_52' title='bbox 1089 533 1189 562; x_wconf 83' lang='lat' dir='ltr'>esse</span> <span class='ocrx_word' id='word_1_53' title='bbox 1216 516 1393 563; x_wconf 77' lang='lat' dir='ltr'>finibus.</span> <span class='ocrx_word' id='word_1_54' title='bbox 1449 516 1599 576; x_wconf 82' lang='lat' dir='ltr'>Magis</span> <span class='ocrx_word' id='word_1_55' title='bbox 1626 519 1875 580; x_wconf 73' lang='lat' dir='ltr'>respondet</span> <span class='ocrx_word' id='word_1_56' title='bbox 1899 518 1990 574; x_wconf 83' lang='lat' dir='ltr'>illi,</span> <span class='ocrx_word' id='word_1_57' title='bbox 2030 518 2150 582; x_wconf 89' lang='lat' dir='ltr'>qnod</span> <span class='ocrx_word' id='word_1_58' title='bbox 2179 515 2371 579; x_wconf 53' lang='lat' dir='ltr'>Naekius</span> <span class='ocrx_word' id='word_1_59' title='bbox 2398 515 2554 572; x_wconf 74' lang='lat' dir='ltr'>voluit,</span> 
     </span>
     <span class='ocr_line' id='line_1_6' title="bbox 215 592 2555 660; baseline -0.001 -16"><span class='ocrx_word' id='word_1_60' title='bbox 215 594 448 643; x_wconf 86' lang='lat' dir='ltr'>communi</span> <span class='ocrx_word' id='word_1_61' title='bbox 477 605 522 642; x_wconf 91' lang='lat' dir='ltr'>et</span> <span class='ocrx_word' id='word_1_62' title='bbox 550 593 744 653; x_wconf 83' lang='lat' dir='ltr'>generali</span> <span class='ocrx_word' id='word_1_63' title='bbox 775 592 998 640; x_wconf 86' lang='lat' dir='ltr'>vocabulo</span> <span class='ocrx_word' id='word_1_64' title='bbox 1030 593 1310 642; x_wconf 87' lang='lat' dir='ltr'>Graecorum</span> <span class='ocrx_word' id='word_1_65' title='bbox 1339 597 1599 654; x_wconf 79' lang='grc' dir='ltr'><strong><em>παρήχησις,</em></strong></span> <span class='ocrx_word' id='word_1_66' title='bbox 1629 612 1897 660; x_wconf 85' lang='lat' dir='ltr'>quamquam</span> <span class='ocrx_word' id='word_1_67' title='bbox 1924 605 1968 642; x_wconf 85' lang='lat' dir='ltr'>et</span> <span class='ocrx_word' id='word_1_68' title='bbox 1995 595 2128 652; x_wconf 84' lang='lat' dir='ltr'>haec,</span> <span class='ocrx_word' id='word_1_69' title='bbox 2156 606 2205 642; x_wconf 89' lang='lat' dir='ltr'>nt</span> <span class='ocrx_word' id='word_1_70' title='bbox 2230 606 2361 643; x_wconf 87' lang='lat' dir='ltr'>antea</span> <span class='ocrx_word' id='word_1_71' title='bbox 2389 594 2555 642; x_wconf 81' lang='lat' dir='ltr'>dictum</span> 
     </span>
    </p>
   </div>
   <div class='ocr_carea' id='block_1_2' title="bbox 213 670 2555 827">
    <p class='ocr_par' dir='ltr' id='par_1_2' title="bbox 213 670 2555 827">
     <span class='ocr_line' id='line_1_7' title="bbox 216 670 2555 738; baseline -0 -17"><span class='ocrx_word' id='word_1_72' title='bbox 216 684 306 729; x_wconf 82' lang='lat' dir='ltr'>est,</span> <span class='ocrx_word' id='word_1_73' title='bbox 341 689 435 722; x_wconf 87' lang='lat' dir='ltr'>non</span> <span class='ocrx_word' id='word_1_74' title='bbox 474 672 623 719; x_wconf 86' lang='lat' dir='ltr'>omnia</span> <span class='ocrx_word' id='word_1_75' title='bbox 663 670 1007 733; x_wconf 86' lang='lat' dir='ltr'>comprehendit</span> <span class='ocrx_word' id='word_1_76' title='bbox 1034 672 1364 719; x_wconf 86' lang='lat' dir='ltr'>allitterationis</span> <span class='ocrx_word' id='word_1_77' title='bbox 1393 689 1579 732; x_wconf 75' lang='lat' dir='ltr'>genera,</span> <span class='ocrx_word' id='word_1_78' title='bbox 1624 674 1790 738; x_wconf 84' lang='lat' dir='ltr'>quippe</span> <span class='ocrx_word' id='word_1_79' title='bbox 1820 690 1932 737; x_wconf 84' lang='lat' dir='ltr'>quae</span> <span class='ocrx_word' id='word_1_80' title='bbox 1962 684 2165 721; x_wconf 79' lang='lat' dir='ltr'>cernatur</span> <span class='ocrx_word' id='word_1_81' title='bbox 2192 685 2364 721; x_wconf 87' lang='lat' dir='ltr'>tantum</span> <span class='ocrx_word' id='word_1_82' title='bbox 2390 674 2438 720; x_wconf 86' lang='lat' dir='ltr'>in</span> <span class='ocrx_word' id='word_1_83' title='bbox 2465 674 2555 735; x_wconf 88' lang='lat' dir='ltr'>syl·</span> 
     </span>
     <span class='ocr_line' id='line_1_8' title="bbox 213 748 1724 827; baseline -0.002 -29"><span class='ocrx_word' id='word_1_84' title='bbox 213 750 433 806; x_wconf 85' lang='lat' dir='ltr'>labarum,</span> <span class='ocrx_word' id='word_1_85' title='bbox 461 768 553 798; x_wconf 92' lang='lat' dir='ltr'>non</span> <span class='ocrx_word' id='word_1_86' title='bbox 582 749 631 795; x_wconf 86' lang='lat' dir='ltr'>in</span> <span class='ocrx_word' id='word_1_87' title='bbox 659 749 932 827; x_wconf 72' lang='lat' dir='ltr'>singularum</span> <span class='ocrx_word' id='word_1_88' title='bbox 963 766 1138 811; x_wconf 88' lang='lat' dir='ltr'>qnoque</span> <span class='ocrx_word' id='word_1_89' title='bbox 1167 748 1412 794; x_wconf 86' lang='lat' dir='ltr'>litterarum</span> <span class='ocrx_word' id='word_1_90' title='bbox 1440 751 1724 812; x_wconf 71' lang='lat' dir='ltr'>repetitione.</span> 
     </span>
    </p>
   </div>
   <div class='ocr_carea' id='block_1_3' title="bbox 214 854 2556 1156">
    <p class='ocr_par' dir='ltr' id='par_1_3' title="bbox 214 854 2556 1156">
     <span class='ocr_line' id='line_1_9' title="bbox 381 854 2553 921; baseline 0 -18"><span class='ocrx_word' id='word_1_91' title='bbox 381 858 550 903; x_wconf 88' lang='lat' dir='ltr'>Omnia</span> <span class='ocrx_word' id='word_1_92' title='bbox 576 857 723 918; x_wconf 81' lang='lat' dir='ltr'>igitur,</span> <span class='ocrx_word' id='word_1_93' title='bbox 749 873 862 920; x_wconf 88' lang='lat' dir='ltr'>qnae</span> <span class='ocrx_word' id='word_1_94' title='bbox 890 866 1095 919; x_wconf 86' lang='lat' dir='ltr'>spectant</span> <span class='ocrx_word' id='word_1_95' title='bbox 1122 855 1180 901; x_wconf 87' lang='lat' dir='ltr'>ad</span> <span class='ocrx_word' id='word_1_96' title='bbox 1196 854 1443 902; x_wconf 87' lang='lat' dir='ltr'>litterarum</span> <span class='ocrx_word' id='word_1_97' title='bbox 1458 855 1804 913; x_wconf 88' lang='lat' dir='ltr'>similitudinem,</span> <span class='ocrx_word' id='word_1_98' title='bbox 1836 874 1970 920; x_wconf 86' lang='lat' dir='ltr'>quum</span> <span class='ocrx_word' id='word_1_99' title='bbox 1986 856 2336 921; x_wconf 86' lang='lat' dir='ltr'>comprehendat</span> <span class='ocrx_word' id='word_1_100' title='bbox 2359 854 2553 908; x_wconf 84' lang='lat' dir='ltr'>Naekius</span> 
     </span>
     <span class='ocr_line' id='line_1_10' title="bbox 214 926 2555 999; baseline -0.002 -15"><span class='ocrx_word' id='word_1_101' title='bbox 214 953 305 984; x_wconf 89' lang='lat' dir='ltr'>uno</span> <span class='ocrx_word' id='word_1_102' title='bbox 339 935 665 983; x_wconf 87' lang='lat' dir='ltr'>allitterationis</span> <span class='ocrx_word' id='word_1_103' title='bbox 696 934 943 991; x_wconf 85' lang='lat' dir='ltr'>vocabulo,</span> <span class='ocrx_word' id='word_1_104' title='bbox 974 934 1184 982; x_wconf 87' lang='lat' dir='ltr'>discernit</span> <span class='ocrx_word' id='word_1_105' title='bbox 1211 945 1359 980; x_wconf 89' lang='lat' dir='ltr'>tamen</span> <span class='ocrx_word' id='word_1_106' title='bbox 1388 935 1653 993; x_wconf 78' lang='lat' dir='ltr'>simplicem,</span> <span class='ocrx_word' id='word_1_107' title='bbox 1682 953 1812 998; x_wconf 89' lang='lat' dir='ltr'>quam</span> <span class='ocrx_word' id='word_1_108' title='bbox 1842 941 1987 992; x_wconf 80' lang='lat' dir='ltr'>vocat,</span> <span class='ocrx_word' id='word_1_109' title='bbox 2016 930 2413 992; x_wconf 64' lang='lat' dir='ltr'>alliciet-ationem,</span> <span class='ocrx_word' id='word_1_110' title='bbox 2444 926 2555 999; x_wconf 77' lang='lat' dir='ltr'>qnae</span> 
     </span>
     <span class='ocr_line' id='line_1_11' title="bbox 214 1012 2555 1078; baseline -0.001 -17"><span class='ocrx_word' id='word_1_111' title='bbox 214 1015 430 1061; x_wconf 87' lang='lat' dir='ltr'>maiorem</span> <span class='ocrx_word' id='word_1_112' title='bbox 460 1013 596 1059; x_wconf 88' lang='lat' dir='ltr'>habet</span> <span class='ocrx_word' id='word_1_113' title='bbox 623 1012 680 1058; x_wconf 85' lang='lat' dir='ltr'>ad</span> <span class='ocrx_word' id='word_1_114' title='bbox 709 1013 1020 1076; x_wconf 89' lang='lat' dir='ltr'>perentiendas</span> <span class='ocrx_word' id='word_1_115' title='bbox 1050 1029 1178 1059; x_wconf 90' lang='lat' dir='ltr'>aures</span> <span class='ocrx_word' id='word_1_116' title='bbox 1208 1012 1317 1067; x_wconf 82' lang='lat' dir='ltr'>vim,</span> <span class='ocrx_word' id='word_1_117' title='bbox 1347 1029 1478 1075; x_wconf 88' lang='lat' dir='ltr'>quam</span> <span class='ocrx_word' id='word_1_118' title='bbox 1507 1013 1692 1060; x_wconf 84' lang='lat' dir='ltr'>alterum</span> <span class='ocrx_word' id='word_1_119' title='bbox 1723 1014 1952 1060; x_wconf 85' lang='lat' dir='ltr'>artificium</span> <span class='ocrx_word' id='word_1_120' title='bbox 1981 1026 2137 1078; x_wconf 86' lang='lat' dir='ltr'>atque,</span> <span class='ocrx_word' id='word_1_121' title='bbox 2163 1015 2211 1061; x_wconf 78' lang='lat' dir='ltr'>tit</span> <span class='ocrx_word' id='word_1_122' title='bbox 2242 1014 2427 1060; x_wconf 84' lang='lat' dir='ltr'>Wolffii</span> <span class='ocrx_word' id='word_1_123' title='bbox 2457 1025 2555 1059; x_wconf 87' lang='lat' dir='ltr'>utar</span> 
     </span>
     <span class='ocr_line' id='line_1_12' title="bbox 217 1090 2556 1156; baseline -0.001 -17"><span class='ocrx_word' id='word_1_124' title='bbox 217 1094 388 1146; x_wconf 84' lang='lat' dir='ltr'>verbis,</span> <span class='ocrx_word' id='word_1_125' title='bbox 429 1091 622 1153; x_wconf 86' lang='lat' dir='ltr'>pertinet</span> <span class='ocrx_word' id='word_1_126' title='bbox 663 1102 831 1137; x_wconf 89' lang='lat' dir='ltr'>tantum</span> <span class='ocrx_word' id='word_1_127' title='bbox 858 1091 914 1137; x_wconf 87' lang='lat' dir='ltr'>ad</span> <span class='ocrx_word' id='word_1_128' title='bbox 942 1090 1187 1137; x_wconf 85' lang='lat' dir='ltr'>faciliorem</span> <span class='ocrx_word' id='word_1_129' title='bbox 1213 1091 1454 1136; x_wconf 88' lang='lat' dir='ltr'>verborum</span> <span class='ocrx_word' id='word_1_130' title='bbox 1485 1108 1661 1137; x_wconf 88' lang='lat' dir='ltr'>cursum</span> <span class='ocrx_word' id='word_1_131' title='bbox 1691 1091 1992 1156; x_wconf 87' lang='lat' dir='ltr'>maioremque</span> <span class='ocrx_word' id='word_1_132' title='bbox 2020 1093 2363 1145; x_wconf 82' lang='lat' dir='ltr'>volubilitatem,</span> <span class='ocrx_word' id='word_1_133' title='bbox 2402 1092 2458 1139; x_wconf 88' lang='lat' dir='ltr'>ab</span> <span class='ocrx_word' id='word_1_134' title='bbox 2488 1093 2556 1136; x_wconf 85' lang='lat' dir='ltr'>al-</span> 
     </span>
    </p>
   </div>
   <div class='ocr_carea' id='block_1_4' title="bbox 132 1168 2555 1232">
    <p class='ocr_par' dir='ltr' id='par_1_4' title="bbox 132 1168 2555 1232">
     <span class='ocr_line' id='line_1_13' title="bbox 132 1168 2555 1232; baseline -0.002 -15"><span class='ocrx_word' id='word_1_135' title='bbox 132 1180 138 1184; x_wconf 83' lang='lat'><strong>&#39;</strong></span> <span class='ocrx_word' id='word_1_136' title='bbox 214 1170 504 1217; x_wconf 79' lang='lat' dir='ltr'>litteratz‘one</span> <span class='ocrx_word' id='word_1_137' title='bbox 532 1170 779 1215; x_wconf 83' lang='lat' dir='ltr'>coniuncta</span> <span class='ocrx_word' id='word_1_138' title='bbox 811 1170 896 1214; x_wconf 87' lang='lat' dir='ltr'>illa</span> <span class='ocrx_word' id='word_1_139' title='bbox 925 1187 1026 1214; x_wconf 86' lang='lat' dir='ltr'>cum</span> <span class='ocrx_word' id='word_1_140' title='bbox 1055 1168 1149 1213; x_wconf 85' lang='lat' dir='ltr'>alio</span> <span class='ocrx_word' id='word_1_141' title='bbox 1180 1168 1382 1228; x_wconf 81' lang='lat' dir='ltr'>quodam</span> <span class='ocrx_word' id='word_1_142' title='bbox 1410 1170 1634 1213; x_wconf 79' lang='lat' dir='ltr'>sermonis</span> <span class='ocrx_word' id='word_1_143' title='bbox 1662 1171 1877 1227; x_wconf 71' lang='lat' dir='ltr'>artificio,</span> <span class='ocrx_word' id='word_1_144' title='bbox 1906 1182 2037 1232; x_wconf 89' lang='lat' dir='ltr'>atque</span> <span class='ocrx_word' id='word_1_145' title='bbox 2065 1171 2181 1215; x_wconf 89' lang='lat' dir='ltr'>illius</span> <span class='ocrx_word' id='word_1_146' title='bbox 2211 1180 2396 1225; x_wconf 87' lang='lat' dir='ltr'>tantum,</span> <span class='ocrx_word' id='word_1_147' title='bbox 2424 1184 2555 1232; x_wconf 88' lang='lat' dir='ltr'>quam</span> 
     </span>
    </p>
   </div>
   <div class='ocr_carea' id='block_1_5' title="bbox 214 1244 2557 1684">
    <p class='ocr_par' dir='ltr' id='par_1_5' title="bbox 214 1244 2557 1684">
     <span class='ocr_line' id='line_1_14' title="bbox 215 1244 2556 1310; baseline -0.001 -16"><span class='ocrx_word' id='word_1_148' title='bbox 215 1247 396 1310; x_wconf 88' lang='lat' dir='ltr'>proprie</span> <span class='ocrx_word' id='word_1_149' title='bbox 438 1245 544 1292; x_wconf 91' lang='lat' dir='ltr'>dicit</span> <span class='ocrx_word' id='word_1_150' title='bbox 580 1245 969 1298; x_wconf 88' lang='lat' dir='ltr'>allitterationem,</span> <span class='ocrx_word' id='word_1_151' title='bbox 1007 1244 1141 1290; x_wconf 89' lang='lat' dir='ltr'>habet</span> <span class='ocrx_word' id='word_1_152' title='bbox 1184 1246 1401 1290; x_wconf 89' lang='lat' dir='ltr'>rationem</span> <span class='ocrx_word' id='word_1_153' title='bbox 1440 1244 1485 1288; x_wconf 88' lang='lat' dir='ltr'>in</span> <span class='ocrx_word' id='word_1_154' title='bbox 1520 1261 1599 1290; x_wconf 89' lang='lat' dir='ltr'>sua</span> <span class='ocrx_word' id='word_1_155' title='bbox 1628 1245 1951 1306; x_wconf 38' lang='lat' dir='ltr'>disputatione,</span> <span class='ocrx_word' id='word_1_156' title='bbox 2001 1246 2206 1292; x_wconf 68' lang='lat' dir='ltr'>Excludit</span> <span class='ocrx_word' id='word_1_157' title='bbox 2232 1248 2365 1306; x_wconf 79' lang='lat' dir='ltr'>igitur</span> <span class='ocrx_word' id='word_1_158' title='bbox 2394 1247 2556 1291; x_wconf 83' lang='lat' dir='ltr'>diserte</span> 
     </span>
     <span class='ocr_line' id='line_1_15' title="bbox 215 1321 2557 1386; baseline -0.001 -14"><span class='ocrx_word' id='word_1_159' title='bbox 215 1325 651 1377; x_wconf 88' lang='lat' dir='ltr'>annominationem,</span> <span class='ocrx_word' id='word_1_160' title='bbox 681 1339 811 1386; x_wconf 88' lang='lat' dir='ltr'>quam</span> <span class='ocrx_word' id='word_1_161' title='bbox 842 1322 1052 1377; x_wconf 87' lang='lat' dir='ltr'>diximus,</span> <span class='ocrx_word' id='word_1_162' title='bbox 1084 1333 1128 1368; x_wconf 92' lang='lat' dir='ltr'>et</span> <span class='ocrx_word' id='word_1_163' title='bbox 1158 1322 1395 1368; x_wconf 87' lang='lat' dir='ltr'>verborum</span> <span class='ocrx_word' id='word_1_164' title='bbox 1423 1322 1516 1368; x_wconf 86' lang='lat' dir='ltr'>sive</span> <span class='ocrx_word' id='word_1_165' title='bbox 1547 1321 1789 1377; x_wconf 82' lang='lat' dir='ltr'>eorundem</span> <span class='ocrx_word' id='word_1_166' title='bbox 1820 1322 1911 1368; x_wconf 83' lang='lat' dir='ltr'>sive</span> <span class='ocrx_word' id='word_1_167' title='bbox 1941 1334 2233 1383; x_wconf 79' lang='lat' dir='ltr'>cognatorum</span> <span class='ocrx_word' id='word_1_168' title='bbox 2261 1324 2557 1369; x_wconf 86' lang='lat' dir='ltr'>consociatio-</span> 
     </span>
     <span class='ocr_line' id='line_1_16' title="bbox 214 1399 2557 1466; baseline 0 -17"><span class='ocrx_word' id='word_1_169' title='bbox 214 1422 343 1459; x_wconf 90' lang='lat' dir='ltr'>nem,</span> <span class='ocrx_word' id='word_1_170' title='bbox 373 1403 540 1465; x_wconf 86' lang='lat' dir='ltr'>quippe</span> <span class='ocrx_word' id='word_1_171' title='bbox 573 1401 810 1447; x_wconf 83' lang='lat' dir='ltr'>manifesto</span> <span class='ocrx_word' id='word_1_172' title='bbox 841 1400 1101 1462; x_wconf 86' lang='lat' dir='ltr'>plerumque</span> <span class='ocrx_word' id='word_1_173' title='bbox 1130 1399 1229 1444; x_wconf 89' lang='lat' dir='ltr'>lusu</span> <span class='ocrx_word' id='word_1_174' title='bbox 1259 1399 1351 1445; x_wconf 86' lang='lat' dir='ltr'>sive</span> <span class='ocrx_word' id='word_1_175' title='bbox 1379 1399 1580 1445; x_wconf 83' lang='lat' dir='ltr'>acumine</span> <span class='ocrx_word' id='word_1_176' title='bbox 1608 1399 1782 1444; x_wconf 88' lang='lat' dir='ltr'>factam.</span> <span class='ocrx_word' id='word_1_177' title='bbox 1814 1402 1858 1459; x_wconf 74' lang='lat'>¹0²)</span> <span class='ocrx_word' id='word_1_178' title='bbox 1915 1399 2067 1460; x_wconf 78' lang='lat' dir='ltr'>Quum</span> <span class='ocrx_word' id='word_1_179' title='bbox 2096 1416 2202 1447; x_wconf 85' lang='lat' dir='ltr'>vero</span> <span class='ocrx_word' id='word_1_180' title='bbox 2236 1401 2417 1459; x_wconf 87' lang='lat' dir='ltr'>horum,</span> <span class='ocrx_word' id='word_1_181' title='bbox 2445 1412 2557 1466; x_wconf 81' lang='lat' dir='ltr'>qnae</span> 
     </span>
     <span class='ocr_line' id='line_1_17' title="bbox 214 1477 2557 1543; baseline 0 -15"><span class='ocrx_word' id='word_1_182' title='bbox 214 1480 411 1528; x_wconf 82' lang='lat' dir='ltr'>Naekius</span> <span class='ocrx_word' id='word_1_183' title='bbox 452 1479 666 1534; x_wconf 86' lang='lat' dir='ltr'>excludit,</span> <span class='ocrx_word' id='word_1_184' title='bbox 711 1478 1038 1524; x_wconf 86' lang='lat' dir='ltr'>allitterationis</span> <span class='ocrx_word' id='word_1_185' title='bbox 1076 1495 1289 1539; x_wconf 83' lang='lat' dir='ltr'>generum</span> <span class='ocrx_word' id='word_1_186' title='bbox 1320 1477 1523 1541; x_wconf 86' lang='lat' dir='ltr'>exempla</span> <span class='ocrx_word' id='word_1_187' title='bbox 1551 1478 1672 1541; x_wconf 86' lang='lat' dir='ltr'>apud</span> <span class='ocrx_word' id='word_1_188' title='bbox 1700 1479 1937 1525; x_wconf 82' lang='lat' dir='ltr'>Horatium</span> <span class='ocrx_word' id='word_1_189' title='bbox 1967 1494 2108 1542; x_wconf 87' lang='lat' dir='ltr'>pauca</span> <span class='ocrx_word' id='word_1_190' title='bbox 2136 1489 2303 1527; x_wconf 84' lang='lat' dir='ltr'>tantum</span> <span class='ocrx_word' id='word_1_191' title='bbox 2335 1481 2557 1543; x_wconf 82' lang='lat' dir='ltr'>reperian-</span> 
     </span>
     <span class='ocr_line' id='line_1_18' title="bbox 214 1555 2557 1621; baseline -0.001 -15"><span class='ocrx_word' id='word_1_192' title='bbox 214 1573 312 1615; x_wconf 88' lang='lat' dir='ltr'>tur,</span> <span class='ocrx_word' id='word_1_193' title='bbox 343 1576 481 1621; x_wconf 88' lang='lat' dir='ltr'>eaque</span> <span class='ocrx_word' id='word_1_194' title='bbox 510 1558 604 1603; x_wconf 86' lang='lat' dir='ltr'>fere</span> <span class='ocrx_word' id='word_1_195' title='bbox 635 1558 787 1603; x_wconf 88' lang='lat' dir='ltr'>omnia</span> <span class='ocrx_word' id='word_1_196' title='bbox 816 1573 942 1602; x_wconf 89' lang='lat' dir='ltr'>mero</span> <span class='ocrx_word' id='word_1_197' title='bbox 973 1556 1301 1601; x_wconf 87' lang='lat' dir='ltr'>allitterationis</span> <span class='ocrx_word' id='word_1_198' title='bbox 1328 1571 1482 1601; x_wconf 88' lang='lat' dir='ltr'>amore</span> <span class='ocrx_word' id='word_1_199' title='bbox 1512 1567 1616 1601; x_wconf 89' lang='lat' dir='ltr'>nata</span> <span class='ocrx_word' id='word_1_200' title='bbox 1645 1572 1741 1602; x_wconf 86' lang='lat' dir='ltr'>esse</span> <span class='ocrx_word' id='word_1_201' title='bbox 1771 1556 2020 1611; x_wconf 87' lang='lat' dir='ltr'>videantur,</span> <span class='ocrx_word' id='word_1_202' title='bbox 2050 1555 2254 1618; x_wconf 88' lang='lat' dir='ltr'>equidem</span> <span class='ocrx_word' id='word_1_203' title='bbox 2284 1557 2557 1604; x_wconf 88' lang='lat' dir='ltr'>excludenda</span> 
     </span>
     <span class='ocr_line' id='line_1_19' title="bbox 216 1652 582 1684; baseline -0.011 0"><span class='ocrx_word' id='word_1_204' title='bbox 216 1656 268 1684; x_wconf 88' lang='lat' dir='ltr'>ea</span> <span class='ocrx_word' id='word_1_205' title='bbox 294 1654 388 1683; x_wconf 89' lang='lat' dir='ltr'>non</span> <span class='ocrx_word' id='word_1_206' title='bbox 416 1652 582 1681; x_wconf 80' lang='lat' dir='ltr'>censui.</span> 
     </span>
    </p>
   </div>
   <div class='ocr_carea' id='block_1_6' title="bbox 215 1739 2557 1881">
    <p class='ocr_par' dir='ltr' id='par_1_6' title="bbox 215 1739 2557 1881">
     <span class='ocr_line' id='line_1_20' title="bbox 379 1739 2557 1806; baseline -0.001 -14"><span class='ocrx_word' id='word_1_207' title='bbox 379 1743 473 1792; x_wconf 89' lang='lat' dir='ltr'>Sed</span> <span class='ocrx_word' id='word_1_208' title='bbox 511 1741 769 1805; x_wconf 86' lang='lat' dir='ltr'>priusquam</span> <span class='ocrx_word' id='word_1_209' title='bbox 808 1740 866 1787; x_wconf 86' lang='lat' dir='ltr'>ad</span> <span class='ocrx_word' id='word_1_210' title='bbox 903 1739 1077 1801; x_wconf 81' lang='lat' dir='ltr'>singula</span> <span class='ocrx_word' id='word_1_211' title='bbox 1117 1739 1319 1802; x_wconf 87' lang='lat' dir='ltr'>exempla</span> <span class='ocrx_word' id='word_1_212' title='bbox 1359 1741 1660 1787; x_wconf 85' lang='lat' dir='ltr'>enumeranda</span> <span class='ocrx_word' id='word_1_213' title='bbox 1692 1753 1930 1796; x_wconf 84' lang='lat' dir='ltr'>transeam,</span> <span class='ocrx_word' id='word_1_214' title='bbox 1958 1741 2123 1787; x_wconf 83' lang='lat' dir='ltr'>classes</span> <span class='ocrx_word' id='word_1_215' title='bbox 2155 1744 2371 1806; x_wconf 76' lang='lat' dir='ltr'>quaedam</span> <span class='ocrx_word' id='word_1_216' title='bbox 2399 1743 2557 1790; x_wconf 85' lang='lat' dir='ltr'>allitte·</span> 
     </span>
     <span class='ocr_line' id='line_1_21' title="bbox 215 1817 2395 1881; baseline -0.004 -10"><span class='ocrx_word' id='word_1_217' title='bbox 215 1824 402 1871; x_wconf 86' lang='lat' dir='ltr'>rationis</span> <span class='ocrx_word' id='word_1_218' title='bbox 434 1832 562 1868; x_wconf 89' lang='lat' dir='ltr'>erunt</span> <span class='ocrx_word' id='word_1_219' title='bbox 590 1820 944 1869; x_wconf 87' lang='lat' dir='ltr'>constituendae.</span> <span class='ocrx_word' id='word_1_220' title='bbox 1004 1817 1199 1866; x_wconf 83' lang='lat' dir='ltr'>Naekius</span> <span class='ocrx_word' id='word_1_221' title='bbox 1230 1818 1340 1865; x_wconf 89' lang='lat' dir='ltr'>haec</span> <span class='ocrx_word' id='word_1_222' title='bbox 1370 1820 1525 1870; x_wconf 85' lang='lat' dir='ltr'>statuit</span> <span class='ocrx_word' id='word_1_223' title='bbox 1553 1830 1760 1881; x_wconf 85' lang='lat' dir='ltr'>quattuor</span> <span class='ocrx_word' id='word_1_224' title='bbox 1787 1836 1962 1879; x_wconf 78' lang='lat' dir='ltr'>genera.</span> <span class='ocrx_word' id='word_1_225' title='bbox 2021 1819 2092 1864; x_wconf 85' lang='lat' dir='ltr'>Fit</span> <span class='ocrx_word' id='word_1_226' title='bbox 2119 1819 2395 1864; x_wconf 75' lang='lat' dir='ltr'>allitteratio:</span> 
     </span>
    </p>
   </div>
   <div class='ocr_carea' id='block_1_7' title="bbox 276 1926 1837 2225">
    <p class='ocr_par' dir='ltr' id='par_1_7' title="bbox 294 1926 1217 1989">
     <span class='ocr_line' id='line_1_22' title="bbox 294 1926 1217 1989; baseline -0.007 -13"><span class='ocrx_word' id='word_1_227' title='bbox 294 1932 359 1976; x_wconf 85' lang='grc' dir='ltr'>Ἰ.</span> <span class='ocrx_word' id='word_1_228' title='bbox 418 1928 583 1974; x_wconf 84' lang='lat' dir='ltr'>Primis</span> <span class='ocrx_word' id='word_1_229' title='bbox 615 1928 798 1982; x_wconf 85' lang='lat' dir='ltr'>litteris,</span> <span class='ocrx_word' id='word_1_230' title='bbox 829 1928 984 1989; x_wconf 88' lang='lat' dir='ltr'>primis</span> <span class='ocrx_word' id='word_1_231' title='bbox 1023 1926 1217 1986; x_wconf 86' lang='lat' dir='ltr'>syllabis.</span> 
     </span>
    </p>

    <p class='ocr_par' dir='ltr' id='par_1_8' title="bbox 305 2003 1473 2069">
     <span class='ocr_line' id='line_1_23' title="bbox 305 2003 1473 2069; baseline -0.004 -15"><span class='ocrx_word' id='word_1_232' title='bbox 305 2011 365 2054; x_wconf 88' lang='lat' dir='ltr'>ll.</span> <span class='ocrx_word' id='word_1_233' title='bbox 426 2010 474 2052; x_wconf 84' lang='lat' dir='ltr'>ln</span> <span class='ocrx_word' id='word_1_234' title='bbox 506 2022 592 2051; x_wconf 89' lang='lat' dir='ltr'>una</span> <span class='ocrx_word' id='word_1_235' title='bbox 622 2016 853 2069; x_wconf 87' lang='lat' dir='ltr'>postrema</span> <span class='ocrx_word' id='word_1_236' title='bbox 881 2016 925 2049; x_wconf 88' lang='lat' dir='ltr'>et</span> <span class='ocrx_word' id='word_1_237' title='bbox 952 2005 1090 2049; x_wconf 85' lang='lat' dir='ltr'>altera</span> <span class='ocrx_word' id='word_1_238' title='bbox 1120 2003 1263 2066; x_wconf 87' lang='lat' dir='ltr'>prima</span> <span class='ocrx_word' id='word_1_239' title='bbox 1291 2004 1473 2067; x_wconf 84' lang='lat' dir='ltr'>syllaba.</span> 
     </span>
    </p>

    <p class='ocr_par' dir='ltr' id='par_1_9' title="bbox 281 2084 888 2133">
     <span class='ocr_line' id='line_1_24' title="bbox 281 2084 888 2133; baseline -0.008 0"><span class='ocrx_word' id='word_1_240' title='bbox 281 2090 361 2133; x_wconf 80' lang='grc' dir='ltr'><strong>ΙΙΙ.</strong></span> <span class='ocrx_word' id='word_1_241' title='bbox 420 2089 471 2132; x_wconf 92' lang='lat' dir='ltr'>In</span> <span class='ocrx_word' id='word_1_242' title='bbox 504 2086 660 2130; x_wconf 86' lang='lat' dir='ltr'>mediis</span> <span class='ocrx_word' id='word_1_243' title='bbox 691 2084 888 2128; x_wconf 89' lang='lat' dir='ltr'>vocibus.</span> 
     </span>
    </p>

    <p class='ocr_par' dir='ltr' id='par_1_10' title="bbox 276 2161 1837 2225">
     <span class='ocr_line' id='line_1_25' title="bbox 276 2161 1837 2225; baseline -0.004 -14"><span class='ocrx_word' id='word_1_244' title='bbox 276 2166 359 2211; x_wconf 83' lang='lat' dir='ltr'>IV.</span> <span class='ocrx_word' id='word_1_245' title='bbox 418 2167 471 2209; x_wconf 80' lang='lat' dir='ltr'>In</span> <span class='ocrx_word' id='word_1_246' title='bbox 501 2162 742 2225; x_wconf 86' lang='lat' dir='ltr'>postremis</span> <span class='ocrx_word' id='word_1_247' title='bbox 774 2161 979 2221; x_wconf 85' lang='lat' dir='ltr'>syllabis,</span> <span class='ocrx_word' id='word_1_248' title='bbox 1009 2161 1128 2222; x_wconf 87' lang='lat' dir='ltr'>quod</span> <span class='ocrx_word' id='word_1_249' title='bbox 1162 2161 1561 2206; x_wconf 79' lang='lat' dir='ltr'>homoeoteleuton</span> <span class='ocrx_word' id='word_1_250' title='bbox 1594 2162 1678 2206; x_wconf 80' lang='lat' dir='ltr'>dici</span> <span class='ocrx_word' id='word_1_251' title='bbox 1710 2162 1837 2209; x_wconf 84' lang='lat' dir='ltr'>solet.</span> 
     </span>
    </p>
   </div>
   <div class='ocr_carea' id='block_1_8' title="bbox 404 2328 2559 2760">
    <p class='ocr_par' dir='ltr' id='par_1_11' title="bbox 404 2328 2559 2442">
     <span class='ocr_line' id='line_1_26' title="bbox 404 2328 2559 2376; baseline -0.001 -5"><span class='ocrx_word' id='word_1_252' title='bbox 404 2332 615 2371; x_wconf 62' lang='lat' dir='ltr'>anreim</span> <span class='ocrx_word' id='word_1_253' title='bbox 647 2342 693 2376; x_wconf 63' lang='lat' dir='ltr'>zu</span> <span class='ocrx_word' id='word_1_254' title='bbox 725 2330 1008 2368; x_wconf 60' lang='lat' dir='ltr'>nerbinbenst</span> <span class='ocrx_word' id='word_1_255' title='bbox 1058 2329 1099 2362; x_wconf 82' lang='lat' dir='ltr'>ln</span> <span class='ocrx_word' id='word_1_256' title='bbox 1132 2328 1243 2362; x_wconf 75' lang='lat' dir='ltr'>huius</span> <span class='ocrx_word' id='word_1_257' title='bbox 1276 2329 1331 2362; x_wconf 86' lang='lat' dir='ltr'>rei</span> <span class='ocrx_word' id='word_1_258' title='bbox 1356 2329 1569 2374; x_wconf 78' lang='lat' dir='ltr'>exemplum</span> <span class='ocrx_word' id='word_1_259' title='bbox 1597 2328 1790 2364; x_wconf 74' lang='lat' dir='ltr'>afferimus</span> <span class='ocrx_word' id='word_1_260' title='bbox 1817 2330 1927 2365; x_wconf 79' lang='lat' dir='ltr'>finem</span> <span class='ocrx_word' id='word_1_261' title='bbox 1955 2331 2130 2367; x_wconf 81' lang='lat' dir='ltr'>carminis</span> <span class='ocrx_word' id='word_1_262' title='bbox 2155 2343 2177 2367; x_wconf 88' lang='lat' dir='ltr'>a</span> <span class='ocrx_word' id='word_1_263' title='bbox 2206 2333 2406 2369; x_wconf 84' lang='lat' dir='ltr'>Wachteru</span> <span class='ocrx_word' id='word_1_264' title='bbox 2433 2335 2468 2369; x_wconf 87' lang='lat' dir='ltr'>in</span> <span class='ocrx_word' id='word_1_265' title='bbox 2496 2348 2559 2369; x_wconf 84' lang='lat' dir='ltr'>no-</span> 
     </span>
     <span class='ocr_line' id='line_1_27' title="bbox 405 2394 932 2442; baseline -0.008 -11"><span class='ocrx_word' id='word_1_266' title='bbox 405 2403 521 2431; x_wconf 83' lang='lat' dir='ltr'>stram</span> <span class='ocrx_word' id='word_1_267' title='bbox 548 2397 716 2442; x_wconf 80' lang='lat' dir='ltr'>linguam</span> <span class='ocrx_word' id='word_1_268' title='bbox 742 2394 932 2428; x_wconf 81' lang='lat' dir='ltr'>translati:</span> 
     </span>
    </p>

    <p class='ocr_par' dir='ltr' id='par_1_12' title="bbox 976 2453 1731 2507">
     <span class='ocr_line' id='line_1_28' title="bbox 976 2453 1731 2507; baseline -0.004 -12"><span class='ocrx_word' id='word_1_269' title='bbox 976 2454 1127 2495; x_wconf 60' lang='lat' dir='ltr'>mun</span> <span class='ocrx_word' id='word_1_270' title='bbox 1152 2453 1222 2492; x_wconf 79' lang='lat' dir='ltr'>mir</span> <span class='ocrx_word' id='word_1_271' title='bbox 1245 2455 1329 2507; x_wconf 54' lang='lat' dir='ltr'>nod)</span> <span class='ocrx_word' id='word_1_272' title='bbox 1349 2454 1731 2501; x_wconf 49' lang='lat' dir='ltr'>”unbenx‘nieiim</span> 
     </span>
    </p>

    <p class='ocr_par' dir='ltr' id='par_1_13' title="bbox 977 2517 1606 2564">
     <span class='ocr_line' id='line_1_29' title="bbox 977 2517 1606 2564; baseline -0.008 -5"><span class='ocrx_word' id='word_1_273' title='bbox 977 2519 1103 2564; x_wconf 62' lang='lat' dir='ltr'>nou</span> <span class='ocrx_word' id='word_1_274' title='bbox 1126 2518 1244 2556; x_wconf 69' lang='lat' dir='ltr'>miii-be</span> <span class='ocrx_word' id='word_1_275' title='bbox 1269 2517 1403 2563; x_wconf 70' lang='lat' dir='ltr'>mit-311</span> <span class='ocrx_word' id='word_1_276' title='bbox 1427 2517 1606 2563; x_wconf 60' lang='lat' dir='ltr'>truite,</span> 
     </span>
    </p>

    <p class='ocr_par' dir='ltr' id='par_1_14' title="bbox 976 2580 1844 2631">
     <span class='ocr_line' id='line_1_30' title="bbox 976 2580 1844 2631; baseline -0.003 -7"><span class='ocrx_word' id='word_1_277' title='bbox 976 2583 1059 2629; x_wconf 56' lang='lat' dir='ltr'>Dal</span> <span class='ocrx_word' id='word_1_278' title='bbox 1082 2583 1154 2622; x_wconf 79' lang='lat' dir='ltr'>mir</span> <span class='ocrx_word' id='word_1_279' title='bbox 1177 2586 1237 2622; x_wconf 75' lang='lat' dir='ltr'>ber</span> <span class='ocrx_word' id='word_1_280' title='bbox 1261 2580 1364 2631; x_wconf 57' lang='lat' dir='ltr'>§isch</span> <span class='ocrx_word' id='word_1_281' title='bbox 1374 2581 1475 2624; x_wconf 65' lang='lat' dir='ltr'>seint</span> <span class='ocrx_word' id='word_1_282' title='bbox 1500 2583 1707 2628; x_wconf 46' lang='lat' dir='ltr'>(occiano)</span> <span class='ocrx_word' id='word_1_283' title='bbox 1733 2582 1844 2624; x_wconf 69' lang='lat' dir='ltr'>tiele</span> 
     </span>
    </p>

    <p class='ocr_par' dir='ltr' id='par_1_15' title="bbox 405 2646 1955 2760">
     <span class='ocr_line' id='line_1_31' title="bbox 972 2646 1955 2696; baseline -0.002 -9"><span class='ocrx_word' id='word_1_284' title='bbox 972 2650 1028 2694; x_wconf 74' lang='grc' dir='ltr'>3η</span> <span class='ocrx_word' id='word_1_285' title='bbox 1053 2651 1111 2687; x_wconf 76' lang='lat' dir='ltr'>ber</span> <span class='ocrx_word' id='word_1_286' title='bbox 1134 2649 1232 2687; x_wconf 73' lang='lat' dir='ltr'>tuine</span> <span class='ocrx_word' id='word_1_287' title='bbox 1256 2646 1395 2696; x_wconf 57' lang='lat' dir='ltr'>nawen</span> <span class='ocrx_word' id='word_1_288' title='bbox 1407 2646 1546 2690; x_wconf 59' lang='lat' dir='ltr'>{niele</span> <span class='ocrx_word' id='word_1_289' title='bbox 1571 2647 1688 2693; x_wconf 69' lang='lat' dir='ltr'>(hurd)</span> <span class='ocrx_word' id='word_1_290' title='bbox 1714 2646 1955 2694; x_wconf 60' lang='lat' dir='ltr'>vidiiebiiffe).</span> 
     </span>
     <span class='ocr_line' id='line_1_32' title="bbox 405 2712 1400 2760; baseline -0.005 -10"><span class='ocrx_word' id='word_1_291' title='bbox 405 2716 578 2750; x_wconf 84' lang='lat' dir='ltr'>Eiusdem</span> <span class='ocrx_word' id='word_1_292' title='bbox 606 2715 759 2760; x_wconf 81' lang='lat' dir='ltr'>generis</span> <span class='ocrx_word' id='word_1_293' title='bbox 784 2718 842 2747; x_wconf 78' lang='lat' dir='ltr'>est</span> <span class='ocrx_word' id='word_1_294' title='bbox 867 2717 994 2747; x_wconf 83' lang='lat' dir='ltr'>notum</span> <span class='ocrx_word' id='word_1_295' title='bbox 1020 2712 1114 2747; x_wconf 86' lang='lat' dir='ltr'>illud</span> <span class='ocrx_word' id='word_1_296' title='bbox 1141 2712 1400 2757; x_wconf 80' lang='lat' dir='ltr'>proverbium:</span> 
     </span>
    </p>
   </div>
   <div class='ocr_carea' id='block_1_9' title="bbox 974 2774 1822 2822">
    <p class='ocr_par' dir='ltr' id='par_1_16' title="bbox 974 2774 1822 2822">
     <span class='ocr_line' id='line_1_33' title="bbox 974 2774 1822 2822; baseline -0.004 -6"><span class='ocrx_word' id='word_1_297' title='bbox 974 2775 1100 2816; x_wconf 64' lang='lat' dir='ltr'>mitet</span> <span class='ocrx_word' id='word_1_298' title='bbox 1121 2778 1193 2815; x_wconf 78' lang='lat' dir='ltr'>unt&gt;</span> <span class='ocrx_word' id='word_1_299' title='bbox 1216 2774 1367 2820; x_wconf 66' lang='lat' dir='ltr'>Olet,</span> <span class='ocrx_word' id='word_1_300' title='bbox 1392 2774 1459 2814; x_wconf 75' lang='lat' dir='ltr'>mie</span> <span class='ocrx_word' id='word_1_301' title='bbox 1481 2776 1569 2815; x_wconf 61' lang='lat' dir='ltr'>§alb</span> <span class='ocrx_word' id='word_1_302' title='bbox 1594 2774 1709 2822; x_wconf 64' lang='lat' dir='ltr'>briem</span> <span class='ocrx_word' id='word_1_303' title='bbox 1733 2778 1822 2814; x_wconf 67' lang='lat' dir='ltr'>nee.</span> 
     </span>
    </p>
   </div>
   <div class='ocr_carea' id='block_1_10' title="bbox 404 2837 2463 2886">
    <p class='ocr_par' dir='ltr' id='par_1_17' title="bbox 404 2837 2463 2886">
     <span class='ocr_line' id='line_1_34' title="bbox 404 2837 2463 2886; baseline -0.002 -10"><span class='ocrx_word' id='word_1_304' title='bbox 404 2844 441 2876; x_wconf 91' lang='lat' dir='ltr'>in</span> <span class='ocrx_word' id='word_1_305' title='bbox 468 2853 541 2886; x_wconf 90' lang='lat' dir='ltr'>quo</span> <span class='ocrx_word' id='word_1_306' title='bbox 566 2842 698 2877; x_wconf 88' lang='lat' dir='ltr'>eodem</span> <span class='ocrx_word' id='word_1_307' title='bbox 726 2840 840 2875; x_wconf 89' lang='lat' dir='ltr'>modo</span> <span class='ocrx_word' id='word_1_308' title='bbox 865 2839 1065 2874; x_wconf 87' lang='lat' dir='ltr'>coniuncta</span> <span class='ocrx_word' id='word_1_309' title='bbox 1091 2846 1177 2874; x_wconf 80' lang='lat' dir='ltr'>sunt</span> <span class='ocrx_word' id='word_1_310' title='bbox 1204 2839 1536 2874; x_wconf 81' lang='lat' dir='ltr'>homoeoteleuton</span> <span class='ocrx_word' id='word_1_311' title='bbox 1561 2845 1675 2884; x_wconf 86' lang='lat' dir='ltr'>atque</span> <span class='ocrx_word' id='word_1_312' title='bbox 1699 2838 1945 2878; x_wconf 83' lang='lat' dir='ltr'>allitterati0,</span> <span class='ocrx_word' id='word_1_313' title='bbox 1971 2848 2065 2883; x_wconf 85' lang='lat' dir='ltr'>quae</span> <span class='ocrx_word' id='word_1_314' title='bbox 2090 2838 2134 2872; x_wconf 75' lang='lat' dir='ltr'>iit</span> <span class='ocrx_word' id='word_1_315' title='bbox 2160 2837 2290 2883; x_wconf 81' lang='lat' dir='ltr'>primis</span> <span class='ocrx_word' id='word_1_316' title='bbox 2314 2837 2463 2873; x_wconf 82' lang='lat' dir='ltr'>litteris.</span> 
     </span>
    </p>
   </div>
   <div class='ocr_carea' id='block_1_11' title="bbox 333 2926 2568 3232">
    <p class='ocr_par' dir='ltr' id='par_1_18' title="bbox 333 2926 2568 3232">
     <span class='ocr_line' id='line_1_35' title="bbox 333 2926 2564 2975; baseline -0.004 -5"><span class='ocrx_word' id='word_1_317' title='bbox 333 2932 372 2970; x_wconf 81' lang='lat'>²⁸⁸)</span> <span class='ocrx_word' id='word_1_318' title='bbox 407 2931 513 2970; x_wconf 72' lang='lat' dir='ltr'>uon,</span> <span class='ocrx_word' id='word_1_319' title='bbox 547 2930 644 2975; x_wconf 89' lang='lat' dir='ltr'>quod</span> <span class='ocrx_word' id='word_1_320' title='bbox 680 2930 820 2964; x_wconf 78' lang='lat' dir='ltr'>attinet</span> <span class='ocrx_word' id='word_1_321' title='bbox 853 2928 901 2963; x_wconf 84' lang='lat' dir='ltr'>ad</span> <span class='ocrx_word' id='word_1_322' title='bbox 926 2928 1130 2965; x_wconf 70' lang='lat' dir='ltr'>eorundem</span> <span class='ocrx_word' id='word_1_323' title='bbox 1161 2929 1361 2967; x_wconf 83' lang='lat' dir='ltr'>verborum</span> <span class='ocrx_word' id='word_1_324' title='bbox 1396 2929 1740 2969; x_wconf 69' lang='lat' dir='ltr'>consociationem,</span> <span class='ocrx_word' id='word_1_325' title='bbox 1771 2926 2215 2972; x_wconf 70' lang='lat' dir='ltr'>allitterutionin‘genuo</span> <span class='ocrx_word' id='word_1_326' title='bbox 2246 2937 2365 2972; x_wconf 82' lang='lat' dir='ltr'>nuper</span> <span class='ocrx_word' id='word_1_327' title='bbox 2387 2933 2564 2964; x_wconf 79' lang='lat' dir='ltr'>accurate</span> 
     </span>
     <span class='ocr_line' id='line_1_36' title="bbox 404 2988 2560 3037; baseline -0.001 -8"><span class='ocrx_word' id='word_1_328' title='bbox 404 2994 579 3029; x_wconf 73' lang='lat' dir='ltr'>tractavit</span> <span class='ocrx_word' id='word_1_329' title='bbox 614 2997 811 3028; x_wconf 71' lang='lat' dir='ltr'>Pauo-uu</span> <span class='ocrx_word' id='word_1_330' title='bbox 848 2993 885 3028; x_wconf 86' lang='lat' dir='ltr'>in</span> <span class='ocrx_word' id='word_1_331' title='bbox 920 2992 1253 3034; x_wconf 76' lang='lat' dir='ltr'>commentatione,</span> <span class='ocrx_word' id='word_1_332' title='bbox 1294 3002 1369 3037; x_wconf 75' lang='lat' dir='ltr'>qua</span> <span class='ocrx_word' id='word_1_333' title='bbox 1399 2992 1535 3028; x_wconf 74' lang='lat' dir='ltr'>indicit</span> <span class='ocrx_word' id='word_1_334' title='bbox 1570 2991 1760 3027; x_wconf 83' lang='lat' dir='ltr'>solemnia</span> <span class='ocrx_word' id='word_1_335' title='bbox 1792 2990 1946 3026; x_wconf 76' lang='lat' dir='ltr'>scholae</span> <span class='ocrx_word' id='word_1_336' title='bbox 1979 2988 2353 3035; x_wconf 75' lang='lat' dir='ltr'>Gryphiswaldensis</span> <span class='ocrx_word' id='word_1_337' title='bbox 2386 3001 2420 3026; x_wconf 82' lang='lat' dir='ltr'>a.</span> <span class='ocrx_word' id='word_1_338' title='bbox 2454 2995 2560 3030; x_wconf 76' lang='lat'>1886.</span> 
     </span>
     <span class='ocr_line' id='line_1_37' title="bbox 402 3054 2568 3104; baseline -0.001 -10"><span class='ocrx_word' id='word_1_339' title='bbox 402 3067 575 3104; x_wconf 75' lang='lat' dir='ltr'>quaeque</span> <span class='ocrx_word' id='word_1_340' title='bbox 597 3057 833 3093; x_wconf 73' lang='lat' dir='ltr'>inscribitur:</span> <span class='ocrx_word' id='word_1_341' title='bbox 867 3057 915 3092; x_wconf 85' lang='lat' dir='ltr'>de</span> <span class='ocrx_word' id='word_1_342' title='bbox 942 3056 1172 3102; x_wconf 76' lang='lat' dir='ltr'>repetitione</span> <span class='ocrx_word' id='word_1_343' title='bbox 1196 3067 1333 3093; x_wconf 78' lang='lat' dir='ltr'>vocum</span> <span class='ocrx_word' id='word_1_344' title='bbox 1357 3056 1396 3091; x_wconf 89' lang='lat' dir='ltr'>in</span> <span class='ocrx_word' id='word_1_345' title='bbox 1420 3066 1595 3094; x_wconf 72' lang='lat' dir='ltr'>sermone</span> <span class='ocrx_word' id='word_1_346' title='bbox 1619 3054 1767 3092; x_wconf 74' lang='lat' dir='ltr'>Graeco</span> <span class='ocrx_word' id='word_1_347' title='bbox 1794 3065 1839 3090; x_wconf 84' lang='lat' dir='ltr'>ac</span> <span class='ocrx_word' id='word_1_348' title='bbox 1864 3055 2016 3093; x_wconf 66' lang='lat' dir='ltr'>lantino.</span> <span class='ocrx_word' id='word_1_349' title='bbox 2069 3054 2154 3089; x_wconf 85' lang='lat' dir='ltr'>Duo</span> <span class='ocrx_word' id='word_1_350' title='bbox 2176 3054 2244 3091; x_wconf 83' lang='lat' dir='ltr'>ille</span> <span class='ocrx_word' id='word_1_351' title='bbox 2268 3054 2402 3091; x_wconf 69' lang='lat' dir='ltr'>statuit</span> <span class='ocrx_word' id='word_1_352' title='bbox 2423 3057 2568 3102; x_wconf 84' lang='lat' dir='ltr'>repeti-</span> 
     </span>
     <span class='ocr_line' id='line_1_38' title="bbox 399 3118 2562 3167; baseline -0.001 -11"><span class='ocrx_word' id='word_1_353' title='bbox 399 3122 517 3156; x_wconf 73' lang='lat' dir='ltr'>tionis</span> <span class='ocrx_word' id='word_1_354' title='bbox 541 3131 701 3167; x_wconf 76' lang='lat' dir='ltr'>genera.</span> <span class='ocrx_word' id='word_1_355' title='bbox 731 3122 892 3158; x_wconf 72' lang='lat' dir='ltr'>alterum</span> <span class='ocrx_word' id='word_1_356' title='bbox 919 3120 1194 3163; x_wconf 74' lang='lat' dir='ltr'>neceesarium,</span> <span class='ocrx_word' id='word_1_357' title='bbox 1217 3121 1380 3157; x_wconf 72' lang='lat' dir='ltr'>alterum</span> <span class='ocrx_word' id='word_1_358' title='bbox 1404 3120 1635 3166; x_wconf 71' lang='lat' dir='ltr'>quae-itum,</span> <span class='ocrx_word' id='word_1_359' title='bbox 1659 3119 1910 3155; x_wconf 75' lang='lat' dir='ltr'>necessarium</span> <span class='ocrx_word' id='word_1_360' title='bbox 1934 3124 2062 3155; x_wconf 70' lang='lat' dir='ltr'>autem</span> <span class='ocrx_word' id='word_1_361' title='bbox 2083 3118 2351 3166; x_wconf 78' lang='lat' dir='ltr'>repetitionem</span> <span class='ocrx_word' id='word_1_362' title='bbox 2375 3119 2562 3165; x_wconf 81' lang='lat' dir='ltr'>triplicem</span> 
     </span>
     <span class='ocr_line' id='line_1_39' title="bbox 403 3181 2014 3232; baseline -0.001 -12"><span class='ocrx_word' id='word_1_363' title='bbox 403 3196 487 3220; x_wconf 72' lang='lat' dir='ltr'>esse</span> <span class='ocrx_word' id='word_1_364' title='bbox 514 3185 631 3226; x_wconf 80' lang='lat' dir='ltr'>dicit,</span> <span class='ocrx_word' id='word_1_365' title='bbox 653 3190 721 3220; x_wconf 78' lang='lat' dir='ltr'>aut</span> <span class='ocrx_word' id='word_1_366' title='bbox 742 3186 943 3232; x_wconf 73' lang='lat' dir='ltr'>gravitatis</span> <span class='ocrx_word' id='word_1_367' title='bbox 970 3192 1010 3221; x_wconf 88' lang='lat' dir='ltr'>et</span> <span class='ocrx_word' id='word_1_368' title='bbox 1034 3188 1213 3226; x_wconf 68' lang='lat' dir='ltr'>ornatus,</span> <span class='ocrx_word' id='word_1_369' title='bbox 1235 3188 1300 3221; x_wconf 80' lang='lat' dir='ltr'>eut</span> <span class='ocrx_word' id='word_1_370' title='bbox 1323 3182 1630 3230; x_wconf 65' lang='lat' dir='ltr'>perspicuitatis,</span> <span class='ocrx_word' id='word_1_371' title='bbox 1653 3187 1720 3218; x_wconf 80' lang='lat' dir='ltr'>aut</span> <span class='ocrx_word' id='word_1_372' title='bbox 1743 3181 2014 3226; x_wconf 69' lang='lat' dir='ltr'>simplicitatis.</span> 
     </span>
    </p>
   </div>
  </div>
 </body>
</html>
