2736 3373
529 1060 649 1114 De
696 1060 1273 1115 allitterationis
1321 1062 1528 1127 apud
1571 1061 1986 1116 Horatium
2028 1070 2188 1114 usu.

1161 1278 1552 1307 W

190 1566 318 1649 De
348 1602 661 1649 allitteratione
691 1607 917 1647 sermonis*
939 1602 1063 1647 latini
1091 1585 1417 1664 quaestionem,
1448 1604 1554 1650 olim
1584 1605 1763 1666 saepius
1793 1615 2046 1657 tractatam,
2073 1603 2341 1664 aliquamdiu
2372 1602 2520 1661 negle-

192 1693 348 1729 xerunt
384 1681 464 1727 viri
505 1681 560 1725 de
599 1680 754 1725 litteris
792 1681 908 1725 bene
946 1674 1092 1726 miriti.
1149 1681 1361 1726 Meritum
1399 1681 1438 1725 ei
1466 1682 1555 1735 rei,
1596 1681 1752 1743 dignae
1783 1698 1908 1735 sane,
1950 1696 2060 1742 qnae
2092 1679 2335 1724 accuratius
2368 1678 2515 1722 denuo

190 1762 357 1808 nostris
393 1758 672 1822 temporibus
717 1768 947 1812 tractetur,
986 1774 1152 1803 novum
1191 1759 1393 1804 attulisse
1426 1760 1604 1814 lumen,
1642 1758 1810 1806 Naekio
1841 1761 2051 1814 debetur,
2095 1757 2209 1804 Viro
2241 1756 2516 1809 Clarissimo,

195 1841 267 1904 qui
298 1840 343 1886 in
372 1837 762 1893 commentatione,
792 1851 923 1900 quam
955 1836 1130 1900 scripsit
1158 1838 1213 1883 de
1242 1837 1324 1883 hac
1353 1855 1400 1883 re
1430 1843 1483 1896 ²⁸¹),
1515 1855 1690 1884 summo
1721 1838 1920 1883 acumine
1945 1854 2202 1901 summaque
2224 1838 2449 1898 diligentia
2471 1839 2516 1881 in

194 1937 244 1967 ea
275 1928 474 1965 versatus
506 1926 587 1971 est,
615 1932 866 1979 novumque
891 1932 942 1961 ea
969 1916 1228 1979 quaestione
1247 1928 1417 1964 veteres
1438 1918 1747 1964 Romanorum
1765 1922 1923 1981 poetas
1942 1917 2190 1978 legentibus
2206 1917 2516 1962 oblectationis

191 1998 363 2065 fontem
387 1996 573 2058 aperuit,
604 1997 766 2058 quippe
797 2011 882 2059 qua
910 1994 1146 2042 multarum
1176 1996 1418 2044 dictionum
1448 1997 1536 2043 vim
1567 2010 1610 2044 et
1641 1997 1899 2058 elegantiam
1929 1997 2074 2043 verius
2104 1997 2358 2060 perspicere
2387 2008 2516 2059 atque

188 2080 432 2143 intelligere
463 2077 703 2141 possimus,
752 2074 844 2134 Qui
875 2075 1041 2137 primns
1072 2075 1186 2122 hanc
1214 2093 1306 2121 rem
1337 2077 1592 2136 copiosiore
1622 2075 1922 2138 disputatione
1951 2077 2198 2133 tentaverit,
2226 2077 2374 2121 laudat
2403 2074 2514 2121 Nac-

189 2162 285 2207 kius
324 2158 365 2206 J.
402 2156 444 2203 J.
482 2155 763 2209 Pontanum,
805 2153 950 2216 quiin
979 2154 1180 2214 dialogo,
1226 2154 1308 2203 cni.
1322 2170 1485 2200 nomen
1518 2155 1693 2208 Actius,
1734 2155 1969 2217 exemplis,
2009 2166 2220 2217 quantum
2251 2156 2428 2216 quidem
2457 2157 2515 2200 ad

188 2236 448 2298 Virgilium,
489 2232 592 2279 satis
632 2231 780 2276 multis
810 2246 907 2276 eam
938 2231 1203 2295 explicuerit.
1262 2231 1436 2278 Deinde
1465 2242 1641 2295 praeter
1668 2232 1777 2278 alios
1806 2232 2071 2287 nonnullos,
2109 2234 2183 2295 qui
2212 2235 2389 2280 brevius
2419 2247 2513 2279 tan·

190 2331 283 2364 tum
336 2315 390 2361 de
442 2330 493 2359 ea
535 2328 582 2357 re
624 2309 814 2373 egerint,
871 2309 1024 2357 laudat
1067 2309 1284 2373 imprimis
1328 2309 1384 2358 G.
1428 2311 1462 2357 1.
1512 2309 1753 2366 vossium,
1811 2311 1932 2357 cuius
1983 2326 2093 2374 quae
2137 2310 2223 2357 huc
2277 2313 2512 2373 pertinent,

188 2378 274 2459 ipsi
315 2393 424 2439 mihi
450 2390 669 2451 inspicere
698 2389 831 2435 licuit.
886 2388 1116 2449 Leguntur
1147 2400 1294 2436 autem
1323 2406 1374 2457 ea
1402 2389 1447 2435 in
1477 2390 1807 2437 Institutionum
1840 2389 2023 2437 Orator.
2054 2390 2152 2436 libri
2182 2400 2228 2438 V.
2258 2408 2352 2453 cap.
2384 2402 2441 2446 v,
2473 2403 2511 2446 1,

188 2487 214 2521 2
253 2485 296 2520 et
333 2485 371 2518 3.
412 2481 542 2532 atque
580 2466 902 2513 inscribuntur:
948 2472 986 2524 1)
1025 2467 1079 2513 de
1116 2466 1463 2520 Paronomasia;
1503 2477 1545 2520 Ω)
1577 2468 1630 2514 de
1654 2467 2061 2529 Ὁμοιοκαταλήκτςιις
2100 2477 2141 2521 3)
2172 2469 2227 2515 de
2256 2468 2511 2518 Parechesi.

187 2554 307 2598 Tum
338 2546 583 2595 etiam‘huc
609 2543 835 2607 pertinent
864 2562 936 2599 ea,
968 2544 1022 2588 dc
1053 2544 1211 2608 quibus
1242 2547 1332 2606 agit
1361 2546 1502 2591 Instit.
1534 2546 1662 2591 Orat.
1692 2546 1789 2591 libr.
1819 2557 1884 2591 IV.
1916 2563 2013 2610 cap.
2041 2558 2095 2601 11,
2123 2556 2162 2600 2,
2192 2557 2217 2590 3
2248 2557 2290 2590 et
2321 2560 2359 2596 ι..
2419 2550 2510 2606 Qui

186 2643 291 2697 post
332 2627 546 2675 Naekium
585 2624 700 2668 hanc
740 2625 1044 2685 quaestionem
1084 2625 1235 2685 paullo
1266 2626 1492 2687 copiosius
1521 2626 1784 2681 tractaverit,
1814 2626 1921 2671 mibi
1952 2627 2125 2689 quidem
2156 2643 2288 2671 nemo
2318 2627 2511 2672 innotuit

185 2721 361 2775 praeter
402 2706 522 2753 God.
566 2707 676 2762 Aug.
717 2703 828 2750 Ben.
872 2701 1144 2758 Wolffium,
1188 2702 1497 2749 professorem
1537 2704 1832 2762 Portensem,
1878 2707 1951 2769 qui
1990 2707 2034 2750 in
2072 2701 2415 2767 prolegomenis
2454 2708 2509 2751 ad

184 2788 331 2834 Plauti
370 2782 665 2836 Aululariam,
706 2782 863 2844 quibus
902 2780 1121 2828 solemnia
1150 2781 1331 2829 scholae
1359 2783 1644 2846 provincialis
1675 2783 1909 2831 Por-tensis
1939 2784 2031 2830 Cal.
2062 2780 2176 2830 Nov.
2205 2787 2315 2831 1836
2343 2785 2507 2839 indicit,

182 2871 228 2914 iu
259 2866 519 2930 explicanda
548 2878 621 2915 ea,
651 2878 780 2924 quam
810 2860 933 2913 dico,
962 2878 1010 2905 re
1038 2874 1237 2908 versatus
1268 2874 1335 2908 est
1365 2879 1391 2908 a
1425 2879 1524 2924 pag.
1555 2863 1611 2909 36
1638 2863 1860 2925 usquead
1888 2864 2019 2908 finem
2049 2867 2167 2924 (pag.
2198 2869 2278 2920 43).

301 3073 340 3115 ·)
371 3070 439 3108 cfr.
466 3067 583 3109 liber,
606 3067 673 3112 qd
704 3067 939 3105 inscribitur:
974 3063 1198 3113 {Rbeinifdyed
1222 3065 1391 3112 illinitum
1416 3065 1471 3110 fiir
1494 3065 1712 3116 Ubilologie,
1746 3069 1812 3107 111,
1835 3066 2039 3115 Sangam,
2073 3070 2108 3106 3.
2132 3066 2239 3114 Μ,
2276 3068 2385 3111 1829,
2420 3076 2506 3114 pag.

367 3138 441 3174 324
461 3142 517 3178 sq.

1790 3204 1804 3234 ι
1830 3198 1853 3222 *
