2736 3373
199 153 239 207 4

364 272 520 335 Quum
559 285 676 316 vero
710 268 780 324 hi,
822 285 934 333 quos
965 270 1164 325 laudavi,
1203 272 1282 318 viri
1312 273 1431 320 docti
1461 273 1507 320 in
1533 272 1774 324 afferendis
1803 269 2020 340 exemplis
2046 275 2093 324 in
2122 291 2212 324 uno
2240 274 2334 323 fere
2365 274 2549 338 quisque

200 360 337 418 poeta
367 349 675 404 constiterint,
703 358 834 410 atque
863 358 910 393 ut
937 347 1173 397 Pomanus
1205 351 1330 397 unius
1361 351 1453 398 fere
1482 350 1660 413 Virgilii
1687 363 1922 416 poemata,
1950 353 2013 401 ita
2040 350 2253 408 Naekius,
2281 356 2549 416 quamquam

199 432 298 479 aliis
327 430 509 476 minime
537 425 766 488 neglectis,
794 423 943 471 Plauti
982 437 1132 474 tamen
1173 428 1390 490 imprimis
1430 431 1709 487 comoedias,
1747 430 1976 477 Wolffius
2013 430 2202 494 denique
2230 431 2376 479 solam
2404 426 2552 476 Plauti

199 507 475 556 Aululariam
505 504 794 567 spectaverit,
845 503 1024 551 Horatii
1063 522 1171 551 vero
1210 506 1279 552 vix
1324 507 1555 570 quisquam
1594 526 1684 555 nno
1712 509 1907 555 alterove
1935 508 2064 563 loco,
2106 498 2317 571 quantum
2347 508 2552 570 equidem

199 586 322 639 scio,
350 582 625 631 mentionem
653 580 831 629 fecerit:
860 580 907 628 id
938 598 1021 642 ego
1051 582 1133 644 egi,
1165 593 1212 630 nt
1235 582 1345 631 duce
1374 583 1594 647 imprimis
1626 583 1813 641 Naekio,
1842 583 2056 646 magistro
2086 572 2553 647 dilectissimosprae·

201 675 333 728 cepta
372 663 429 710 ab
468 661 570 724 ipso
613 659 880 716 constituta,
915 660 1070 724 paucis
1112 661 1314 717 mutatis,
1356 661 1401 708 in
1442 661 1621 710 Horatii
1668 669 2083 727 quoquepoemata
2111 664 2323 712 adbibere
2351 678 2553 710 conarer.

199 742 441 790 Neminem
471 741 588 786 enim
617 749 752 803 puto,
804 740 879 803 qui
908 739 1086 786 Horatii
1116 740 1295 795 nonnisi
1327 740 1519 803 primum
1560 742 1694 804 primi
1731 741 1833 788 libri
1871 756 2051 788 carmen
2076 752 2278 790 accurate
2306 739 2555 806 perlegerit,

201 821 472 887 praeterisse
500 817 702 881 exempla
721 816 1077 873 allitterationis,
1109 817 1284 881 qualem
1308 818 1460 864 statuit
1485 817 1705 866 Naekius:
1735 829 1840 867 sunt
1858 819 1976 867 enim
2003 819 2079 867 illa
2108 819 2171 868 ihi
2199 829 2289 867 tam
2307 817 2556 872 manifesta,

201 900 430 948 neminem
460 907 508 943 ut
535 894 691 942 fallere
722 896 915 960 possint.
974 896 1065 943 Sed
1095 896 1228 943 etiam
1258 896 1303 942 in
1333 896 1513 960 reliquis
1542 897 1719 945 Horatii
1749 897 1913 960 eclogis
1942 897 1988 944 in
2017 895 2124 945 satis
2155 897 2294 946 multa
2321 895 2555 945 incidimus

206 976 561 1029 allitterationis,
593 989 724 1037 quam
755 984 944 1029 vocant,
973 975 1187 1038 exempla.
1246 975 1399 1035 Quare
1426 975 1483 1022 ad
1507 976 1903 1023 demonstrandum
1932 975 1992 1031 id,
2023 975 2144 1040 quod
2171 974 2310 1022 voluit
2336 973 2554 1022 Naekius:

205 1062 351 1123 ,fines
378 1056 511 1102 huius
540 1054 613 1119 rei
640 1069 778 1114 quam
803 1053 897 1097 late
920 1061 1119 1111 pateant
1152 1061 1196 1098 et
1223 1070 1363 1114 quam
1384 1056 1513 1099 varie
1541 1055 1599 1099 sit
1621 1070 1711 1113 per
1731 1071 1988 1101 sermonem
2016 1054 2209 1100 latinum
2236 1052 2408 1116 diffusa
2434 1052 2555 1098 allit-

204 1136 432 1191 teratio“,
475 1133 609 1179 etiam
649 1130 733 1178 hac
763 1131 1136 1178 commentatione
1166 1132 1370 1179 nonnihil
1399 1133 1612 1180 allaturus
1642 1150 1741 1180 esse
1770 1132 1880 1180 mihi
1908 1133 2076 1180 videor.

369 1245 467 1287 lam
497 1255 603 1284 vero
633 1240 907 1300 aggredienti
939 1240 1045 1310 mihi
1075 1258 1186 1297 eam,
1219 1257 1350 1303 quam
1381 1241 1495 1293 dico,
1526 1258 1633 1296 rem,
1661 1242 1856 1302 primum
1886 1243 2034 1304 ipsum
2064 1241 2170 1296 hoc,
2203 1254 2290 1301 qno
2310 1253 2415 1283 usus
2444 1252 2556 1290 sum,

207 1322 476 1370 vocabulum
504 1318 803 1372 allitteratio,
858 1318 962 1380 quid
1003 1320 1243 1379 significet,
1295 1319 1421 1382 quale
1458 1320 1515 1364 sit
1552 1331 1594 1364 et
1634 1319 1863 1383 quomodo
1906 1319 1962 1364 ab
2001 1318 2098 1364 aliis
2141 1316 2359 1364 similibus
2403 1314 2555 1359 distin-

205 1403 456 1465 guendum,
497 1397 608 1443 mibi
648 1408 778 1441 antea
819 1397 1100 1442 statuendum
1142 1398 1236 1442 erit.
1295 1397 1495 1442 Tantum
1525 1398 1643 1442 enim
1672 1403 1825 1452 abest,
1864 1409 1912 1443 ut
1939 1414 2097 1443 omnes
2126 1391 2454 1442 eodem-modo
2485 1407 2556 1436 ea·

207 1483 399 1542 demque
440 1477 482 1521 vi
513 1492 567 1520 eo
598 1474 821 1520 vocabulo
854 1474 920 1519 usi
950 1474 1059 1526 sint,
1099 1487 1146 1518 ut
1174 1474 1266 1519 fere
1296 1474 1408 1519 alius
1440 1474 1527 1518 alio
1559 1475 1696 1520 modo
1727 1491 1825 1520 eam
1854 1473 2132 1538 explicuerit,
2170 1470 2281 1516 alius
2311 1469 2400 1514 alio
2428 1484 2559 1514 voca·

207 1559 316 1605 bulo
357 1561 402 1602 in
436 1553 591 1601 eadem
619 1571 667 1599 re
698 1570 804 1598 usus
834 1553 903 1597 sit.
963 1552 1207 1615 Aptissime
1237 1552 1429 1598 fortasse
1459 1553 1662 1613 egredior
1689 1556 1747 1600 ab
1776 1570 1850 1608 ea,
1880 1568 2012 1615 quam
2040 1551 2177 1598 habet
2203 1550 2249 1595 iu
2276 1549 2425 1611 lingua
2447 1546 2560 1594 Ger·

207 1637 384 1683 manica
425 1630 694 1678 vocabulum
734 1631 1025 1685 allitteratiO,
1060 1630 1396 1691 significatione.
1463 1632 1531 1676 Ibi
1572 1631 1827 1677 allitteratio
1871 1629 2131 1694 plerumque
2170 1636 2374 1680 vocatur,
2423 1640 2558 1689 quum

209 1717 342 1779 plura
371 1712 584 1758 continua
612 1708 744 1754 verba
773 1708 841 1752 vel
870 1708 1024 1769 paucis
1059 1709 1296 1753 interiectis
1323 1710 1522 1772 repetita,
1553 1710 1608 1754 ab
1640 1709 1798 1755 iisdem
1829 1707 2181 1758 consonantibus
2210 1715 2287 1751 aut
2314 1705 2371 1751 ab
2399 1704 2559 1752 iisdem

211 1792 393 1856 syllabis
430 1789 659 1853 incipiunt.
699 1791 738 1843 ⁴²)
804 1785 998 1840 Eorum,
1045 1786 1116 1850 qui
1157 1786 1213 1832 de
1251 1787 1375 1833 latini
1404 1787 1626 1835 sermonis
1658 1786 1972 1835 allitteratione
2002 1785 2299 1849 scripserunt,
2339 1783 2560 1831 referente
2596 1803 2605 1815 ·

212 1870 401 1922 Naekio,
429 1867 599 1930 primus
629 1864 863 1911 Pontanus
895 1865 982 1909 hoe
1014 1864 1234 1911 vocabulo
1264 1881 1368 1911 usus
1399 1876 1479 1921 est,
1511 1864 1584 1928 qui
1613 1881 1711 1911 eam
1739 1864 1800 1911 ita
1825 1864 2000 1912 definite
2041 1864 2128 1924 „fit
2154 1863 2315 1924 itaque
2339 1861 2388 1907 in
2415 1877 2560 1917 versu,

213 1949 389 2012 quoties
418 1946 636 1992 dictiones
667 1942 968 1989 continuatae
997 1942 1069 1987 vel
1094 1942 1231 1988 binae
1260 1943 1331 1987 vel
1354 1950 1520 1990 ternae
1549 1945 1608 1989 ab
1637 1943 1799 1989 iisdem
1819 1942 1987 2002 primis
2014 1940 2381 1996 consonantibus,
2410 1946 2560 1986 muta·

211 2032 272 2075 tis
301 2023 557 2086 aliquando
588 2020 831 2075 vocamus,
863 2028 945 2065 aut
974 2020 1034 2066 ab
1062 2020 1224 2066 iisdem
1252 2022 1474 2080 incipiunt
1502 2022 1701 2082 syllabis,
1729 2028 1812 2067 aut
1837 2021 1897 2066 ab
1928 2020 2090 2067 iisdem
2105 2019 2272 2080 prinu‘s
2293 2019 2562 2086 vocalibus&

213 2106 337 2154 Usus
379 2112 447 2149 est
483 2099 615 2161 igitur
655 2097 892 2145 Fontanus
933 2096 1019 2144 hoc
1062 2098 1280 2145 vocabulo
1316 2099 1471 2147 eadem
1509 2100 1599 2148 fere
1639 2098 1981 2160 significatione,
2023 2114 2108 2162 qua
2145 2108 2369 2145 nostrates
2399 2096 2562 2146 solent.

215 2183 552 2243 Nonnunquam
583 2177 767 2223 eandem
799 2187 928 2222 vocat
958 2178 1409 2232 annominationem,
1451 2188 1691 2240 propterea
1721 2177 1880 2226 merito
1910 2176 2183 2240 vituperatus
2211 2193 2238 2222 a
2267 2160 2462 2234 Naekio,
2489 2176 2563 2245 qui

214 2258 630 2309 annominationem
666 2256 949 2302 coniunctam
991 2254 1168 2317 quidem
1200 2271 1298 2301 esse
1329 2272 1429 2300 cum
1458 2255 1771 2303 allitteratione
1801 2254 1969 2310 solere,
2009 2254 2090 2300 sed
2120 2271 2214 2303 nou
2244 2271 2424 2300 omnem
2452 2253 2564 2299 anit„

215 2339 483 2384 terationem
526 2352 626 2380 cum
666 2333 1036 2378 annominatione
1076 2333 1358 2380 coniunctam
1398 2350 1496 2378 esse
1536 2345 1666 2379 recte-
1696 2332 1939 2379 contendit.
1997 2333 2102 2395 Ipse
2143 2333 2265 2380 nisus
2304 2332 2562 2378 auctoritate

216 2431 412 2462 veterum
455 2413 726 2475 scriptorum
768 2411 1183 2456 annominationem
1228 2423 1320 2456 tum
1364 2412 1542 2458 demum
1580 2412 1674 2457 fieri
1714 2412 1840 2467 dicit,
1883 2430 2017 2474 quum
2053 2414 2168 2460 inter
2197 2429 2244 2459 se
2274 2422 2564 2474 opponantur

218 2497 351 2541 verba
389 2494 509 2538 idem
553 2490 620 2535 vel
661 2489 805 2535 simile
846 2490 1075 2544 sonantia,
1119 2492 1199 2537 sed
1236 2493 1557 2553 significatione
1599 2508 1651 2536 ac
1687 2507 1821 2539 sensu
1857 2491 2045 2539 diversa.
2103 2490 2242 2540 Geth.
2271 2492 2338 2536 lo.
2367 2489 2563 2536 Vossius

216 2576 350 2636 plane
381 2572 468 2617 boe
498 2569 719 2615 vocabulo
752 2585 799 2613 se
827 2568 1064 2624 abstinuit,
1105 2569 1189 2616 nisi
1220 2571 1340 2632 quod
1368 2572 1682 2628 παρονομασίαν
1709 2586 1735 2615 a
1762 2568 1975 2617 Pontano
2005 2570 2386 2623 allaterationem
2415 2570 2565 2616 vocari

217 2652 365 2698 refert.
426 2649 717 2698 Schematum
759 2647 900 2701 enim,
941 2662 1051 2710 quae
1091 2648 1215 2705 dicit,
1250 2649 1295 2695 in
1330 2650 1487 2712 quibus
1529 2647 1771 2695 similitudo
1817 2658 2062 2712 spectetur,
2104 2658 2294 2712 quatuor
2333 2646 2464 2695 affert
2490 2664 2565 2710 ge,

220 2746 350 2777 nera:
380 2728 717 2786 παρονομασίαν,
749 2725 1150 2789 ὄμοροκατάληκτον,
1180 2729 1375 2786 πάρισον,
1406 2726 1750 2790 παρήχησιν.’**)
1806 2716 2196 2786 Παρονομαόιά
2223 2725 2566 2784 (annominatio)

338 2901 373 2942 ο)
409 2897 477 2932 cfr.
505 2906 537 2933 e.
565 2907 598 2942 g,
627 2895 744 2938 tiber,
772 2895 836 2942 qui
861 2894 1103 2934 inscribitur:
1129 2893 1342 2945 &tuumne
1366 2895 1461 2938 einer
1486 2895 1635 2945 zbeorie
1659 2899 1719 2943 m
1744 2894 1891 2944 meimet
1917 2897 1988 2945 aab
2013 2897 2071 2939 brt
2098 2892 2341 2943 Θίεὶῴῑίόιηςο
2364 2892 2431 2936 mit
2454 2892 2567 2949 besens

416 2965 512 2999 beret
545 2960 711 3005 mucram
742 2959 807 3001 auf
839 2959 977 3005 Θὸῐῡε,
1011 2967 1080 2996 vnn
1113 2959 1152 3002 (ξ,
1184 2960 1369 3008 mugga.
1427 2962 1486 2996 lbi
1520 2972 1553 3007 p.
1589 2967 1621 3000 2.
1648 2961 1702 2996 ita
1728 2962 1909 3009 legimus:
1944 2958 2250 3000 &litteratim
2275 2961 2385 2998 neunt
2407 2967 2490 2998 man
2515 2960 2568 2997 bes

412 3022 580 3066 faunum>
615 3021 669 3060 bie
702 3021 1034 3069 &nfeinanberfoIge
1065 3022 1184 3068 folcm-
1208 3022 1371 3068 fflbrter,
1405 3024 1460 3063 bie
1484 3023 1750 3072 gleifflnutenbe
1774 3023 2194 3072 &nfangstont'onantem
2227 3024 2308 3070 aud)
2331 3023 2424 3069 woly(
2446 3020 2568 3070 alciun

413 3084 691 3132 mnfangst‘olben
717 3087 843 3131 baben,
869 3097 896 3132 3·
924 3087 971 3125 ΞΒ.
999 3085 1112 3142 §first
1138 3090 1207 3126 unb
1229 3087 1349 3132 nott,
1373 3088 1508 3132 ”ann
1534 3092 1604 3128 unb
1629 3089 1759 3130 ”aas
1783 3099 1824 3128 tc.

319 3185 379 3225 ⁰)
411 3182 602 3222 Similia
636 3189 744 3219 vocat
779 3184 1039 3233 quintilianus
1074 3182 1142 3223 lx,
1173 3187 1208 3224 8.
1239 3189 1285 3225 76
1316 3195 1374 3232 sq.
1411 3195 1615 3233 eorumque
1649 3191 1688 3222 et
1719 3186 1802 3232 ipse
1834 3184 2117 3233 quadruplicem
2146 3184 2334 3223 monem
2355 3193 2439 3221 esse
2463 3182 2570 3228 dicit,

417 3247 544 3291 paullo
571 3247 675 3287 illam
700 3248 889 3288 diversam
915 3259 938 3283 a
963 3248 1169 3286 Vossiaua:
1196 3249 1391 3303 πάρισον,
1424 3246 1752 3304 ὁμοιοτέλευτον,
1784 3245 2089 3302 ὃμοιόπῐωτον,
2121 3247 2331 3296 limov-
