2736 3373
2454 121 2519 173 u

296 248 487 294 crimosa
517 245 687 292 Troiae.
741 256 810 302 21,
839 254 891 300 9²
921 235 1090 307 Tempe
1113 246 1304 293 ‘totidem
1330 246 1479 292 tollite
1507 246 1721 292 laudibus.
1776 254 1842 301 23,
1870 255 1921 301 9:
1954 244 2014 291 Te
2045 243 2207 304 Tigris.
2263 246 2329 297 26,
2356 252 2407 290 5:
2438 245 2517 290 Te·

283 327 486 386 rridatem
513 332 687 371 terreat.
741 325 819 378 26,
849 325 925 368 '122
956 321 1103 385 Teque
1130 330 1327 387 tuasque,
1381 334 1461 381 27,
1489 333 1541 370 2:
1569 323 1787 385 Pugnare,
1816 324 2044 370 Thracum
2073 332 2160 377 est,
2187 320 2329 368 tollite
2359 322 2516 368 barba-

300 422 400 472 rum
439 404 528 463 (ΙΙ).
584 413 661 461 27,
688 412 768 450 2³:
809 401 870 449 Te
898 401 1100 449 triformi.
1153 413 1232 459 30,
1258 414 1313 452 33
1355 403 1469 451 Ture
1495 412 1552 452 te.
1608 411 1686 460 35,
1712 413 1765 458 9:
1809 404 1870 449 Te
1899 401 2050 449 Dacus
2079 415 2236 462 asper,
2264 408 2306 447 te
2336 398 2514 462 profugi

300 481 505 546 Scythae.
971 525 976 528 ,
1767 526 1772 530 ,

193 562 246 608 V.
301 571 352 614 ιι,
385 572 430 605 1ε
470 558 585 605 Vice
625 559 737 606 veris
777 570 821 606 et
853 558 1032 606 Favoni.
1086 569 1138 615 7,
1165 570 1245 607 31:
1286 559 1389 607 Viri
1415 584 1470 594 —
1498 559 1615 605 vino.
1673 565 1746 614 18,
1777 570 1824 604 1:
1867 555 2067 611 Nullam,
2108 558 2249 610 Vare,
2278 571 2401 602 sacra
2429 556 2512 600 vite

299 638 421 700 prius
452 637 614 684 severis
643 638 865 688 arborem.
917 647 995 691 33,
1029 646 1100 684 1οε
1131 637 1205 685 Sic
1234 637 1372 684 visum
1402 636 1580 698 Veneti.
1619 648 1623 651 ’
1693 643 1698 647 “

354 732 475 777 Inter
514 731 641 777 locos
678 732 816 778 modo
853 731 1013 777 allatos
1053 732 1180 797 plura
1217 731 1351 777 etiam
1378 731 1578 795 reperies
1608 732 1700 777 eius
1729 732 2054 778 allitterationis
2084 731 2313 793 exempla,
2356 744 2463 792 quae
2491 744 2517 773 a

190 807 361 856 Naekio
401 810 641 869 implicata
681 827 720 857 s.
761 811 1004 857 alternans
1041 810 1325 867 (Germanice
1352 814 1668 870 betfcbltmgentt
1696 812 1929 867 Εΐαδῐείω)
1968 810 2195 856 nominata
2224 809 2385 871 duplex
2415 824 2514 853 esse

190 899 355 949 potest,
385 898 433 934 ut
459 899 658 952 apparet.
672 906 725 935 ex
754 888 875 935 bisce
906 886 1062 935 Naekii
1088 886 1327 950 exemplis:
1357 905 1491 934 amor
1517 888 1686 934 lassum
1706 889 1845 935 animi
1866 888 2058 935 ludificat
2086 895 2143 946 (a.
2160 889 2187 934 1.
2203 904 2241 936 a.
2255 887 2331 943 l.);
2361 885 2516 941 tristis,

191 968 352 1022 durus,
379 966 595 1022 difficilis,
620 973 751 1013 tenax
779 970 828 1025 (t.
858 951 899 1015 d.
927 967 970 1013 d.
1000 971 1075 1024 t.).⁴
1120 964 1292 1012 Prioris
1316 967 1490 1025 generis
1521 978 1625 1014 suut

245 1047 279 1093 1.
306 1056 385 1102 29,
417 1057 489 1092 ιιι
516 1046 698 1092 Pronos
724 1044 871 1090 relabi
892 1060 1033 1103 posse
1060 1043 1185 1089 rivos
1213 1049 1277 1105 (p.
1302 1060 1340 1093 r.
1369 1061 1415 1106 p.
1441 1049 1508 1102 r.)-

331 1134 406 1179 14,
434 1133 485 1169 2:
513 1121 741 1168 Fluctus?
775 1137 802 1167 o
831 1120 936 1185 quid
962 1125 1055 1183 agis
1068 1122 1092 1167 ἱ)
1099 1120 1294 1184 fhrtiter
1321 1117 1499 1186 oeeu'pa'
1518 1121 1563 1181 (f.
1594 1139 1638 1169 o.
1666 1121 1696 1170 f.
1729 1127 1799 1181 c.).

303 1212 378 1257 17,
406 1211 484 1247 1³:
511 1200 581 1246 Di
608 1216 681 1246 me
710 1210 907 1246 tuentur:
936 1199 1007 1246 dis
1036 1199 1180 1263 pietas
1208 1215 1308 1246 mea
1335 1199 1394 1257 (d.
1426 1217 1482 1245 m.
1512 1200 1553 1246 d.
1583 1206 1670 1262 m.).

298 1282 377 1335 36,
410 1285 483 1326 182
510 1280 762 1340 Deponent
790 1277 972 1332 oculos3
999 1294 1081 1323 nee
1108 1276 1319 1323 Damalis
1347 1293 1467 1323 novo
1497 1278 1555 1336 (d.
1583 1263 1627 1324 n.
1658 1280 1700 1325 d.
1728 1284 1815 1336 ιι),
1843 1278 2028 1340 denique

304 1370 382 1414 27,
407 1369 485 1415 21:
516 1358 643 1417 Quae
671 1373 799 1416 saga,
828 1355 903 1416 qui
929 1363 971 1400 te
999 1353 1172 1400 solvere
1202 1354 1435 1401 Thessalis
1460 1361 1555 1418 (qu.
1581 1374 1614 1404 s.
1645 1376 1716 1419 qu.
1744 1368 1775 1402 t.
1805 1373 1840 1401 s.
1871 1356 1958 1410 T.).

356 1444 549 1490 Alterius
576 1442 750 1504 generis
779 1451 882 1487 sunt

277 1526 313 1570 1.
342 1533 389 1579 2,
418 1532 496 1575 [022
526 1521 635 1567 Ales
662 1520 709 1565 in
739 1520 867 1566 terris
895 1519 1080 1565 imitaris
1111 1519 1258 1565 almae
1287 1523 1340 1577 (a.
1368 1519 1397 1565 i.
1425 1519 1451 1567 i.
1478 1524 1545 1579 a.).

308 1613 379 1656 10,
411 1609 482 1646 15:
514 1598 848 1661 Thessalosque
877 1597 1003 1658 ignes
1033 1607 1077 1642 et
1104 1596 1256 1659 iniqua
1285 1596 1444 1644 stoiae
1471 1609 1521 1651 (t.
1548 1598 1575 1644 i.
1605 1599 1632 1645 i.
1662 1604 1725 1658 t.).

331 1685 405 1734 18,
433 1689 484 1724 2:
517 1676 646 1723 Circa
672 1676 779 1722 mite
807 1674 953 1721 solum
981 1673 1166 1721 Tiburis
1195 1685 1240 1720 et
1265 1675 1445 1722 moenia
1477 1676 1607 1723 Catili
1632 1683 1686 1736 (c.
1713 1695 1772 1726 m.
1799 1692 1856 1727 m.
1886 1684 1949 1735 c.).

332 1770 405 1813 13,
433 1766 484 1802 5:
513 1748 645 1801 Tunc
673 1770 757 1799 nec
784 1770 910 1800 mens
937 1752 1070 1808 mihi,
1099 1769 1182 1799 nec
1210 1752 1338 1798 color
1362 1758 1426 1811 (n.
1456 1771 1514 1802 m.
1541 1771 1599 1800 m.
1627 1760 1717 1813 n.);
1745 1756 1934 1817 denique

327 1846 407 1891 23,
434 1845 485 1889 9²
513 1832 654 1895 Atqui
679 1848 773 1877 uon
801 1847 883 1893 ego
914 1838 956 1876 te
985 1830 1107 1890 tigris
1136 1840 1185 1874 ut
1211 1846 1377 1892 aspera
1404 1836 1460 1889 (a.
1489 1842 1520 1876 t.
1551 1842 1581 1876 t.
1609 1837 1664 1889 a.)
1691 1837 1748 1892 Ἰ).

356 1929 562 1974 Duorum
599 1926 847 1988 pluriumve
875 1942 1081 1970 versuum
1110 1941 1228 1970 nunc
1258 1923 1435 1986 quidem
1463 1929 1710 1970 ea'tantum
1737 1926 1923 1972 afferam
1953 1929 2173 1991 exempla,
2203 1928 2278 1973 ubi
2307 1927 2517 1972 allittera-

193 2007 355 2062 tionis,
393 2021 504 2069 quae
532 2004 578 2048 fit
603 2003 650 2048 in
678 2002 786 2057 illis,
826 2002 891 2047 vis
920 2013 1106 2063 augetur
1133 2000 1470 2058 allitteratione,
1514 2018 1624 2065 quae
1653 2003 1701 2049 fit
1729 2004 1775 2049 in
1804 2004 1988 2067 singulis
2018 2005 2237 2060 versibus,
2269 2020 2402 2067 quare
2431 2003 2517 2049 hos

194 2097 324 2133 antea
352 2101 444 2130 non
472 2080 845 2134 commemoravi;
873 2079 943 2125 his
972 2080 1103 2142 igitur
1133 2078 1372 2142 plurimum
1399 2078 1683 2127 tribuendum
1710 2099 1808 2129 esse
1836 2094 1958 2147 pute.

251 2166 400 2213 Carm.
431 2163 465 2208 1.
493 2171 532 2207 2.
561 2169 629 2214 22,
656 2169 734 2205 233
791 2158 897 2220 Quo
927 2174 1084 2219 graves
1113 2156 1281 2204 Persae
1309 2157 1467 2205 melius
1486 2159 1689 2218 perirent

787 2234 950 2282 Audiet
969 2249 1145 2293 pugnas
1175 2234 1281 2280 vitio
1303 2245 1555 2293 parentum.

537 2329 576 2365 3.
610 2328 645 2371 1,
673 2324 724 2361 2:
781 2312 858 2361 Sic
888 2323 933 2359 te
963 2311 1075 2358 Diva
1104 2322 1265 2374 potens
1294 2312 1431 2376 Cypri

788 2392 865 2438 Sic
892 2391 1050 2437 fratres
1079 2389 1280 2435 Helenae
1309 2390 1460 2436 lucida
1486 2392 1651 2438 sidera.
1709 2392 1797 2449 (ΙΙ.)

490 2486 528 2520 3.
557 2483 623 2528 11,
651 2481 726 2517 122
782 2468 1020 2517 Commisit
1039 2467 1203 2530 pelago
1233 2478 1373 2514 ratem

789 2548 968 2594 Primus
996 2563 1078 2591 nec
1106 2546 1251 2591 timuit
1271 2547 1564 2610 praecipitem
1592 2548 1807 2594 Africum.

495 2641 531 2674 3.
562 2636 733 2682 2:3„242
792 2625 948 2670 Terras
978 2625 1015 2669 si
1044 2632 1193 2669 tamen
1221 2623 1384 2687 impiae

792 2701 895 2752 Non
923 2703 1153 2763 tangenda
1178 2712 1296 2748 rates
1326 2702 1605 2749 transsiliunt
1632 2704 1763 2748 vada.
1822 2704 1915 2756 (11.)

553 2789 592 2831 3.
621 2793 660 2838 3,
684 2793 733 2835 4:
785 2767 1017 2826 Perdere?
1046 2796 1129 2826 cur,
1148 2779 1347 2839 apricum

794 2858 955 2905 Oderit
983 2873 1187 2917 campum
1209 2858 1387 2916 patiens
1409 2859 1609 2918 pulveris
1636 2869 1768 2924 atque
1796 2861 1939 2908 solis?
1995 2861 2055 2913 (Π
2084 2870 2127 2906 et
2157 2861 2253 2917 ΙΙΙ.)

313 3035 351 3079 *)
383 3031 598 3068 communi·
630 3036 690 3067 ent
718 3030 871 3077 liuguae
903 3027 1043 3064 latinae
1075 3026 1169 3063 haec
1202 3028 1313 3064 etiam
1344 3027 1537 3075 implicata
1559 3025 1786 3064 allitteratio
1812 3039 1893 3065 eum
1918 3029 2102 3066 lelandioa
2125 3030 2276 3079 lingua,
2312 3042 2382 3078 quo
2405 3031 2451 3067 de
2476 3042 2516 3067 re

382 3097 451 3134 efr.
478 3094 656 3134 Wuebter
677 3097 704 3134 Ι.
728 3097 754 3136 l.
779 3107 816 3144 p.
840 3096 877 3132 X
898 3106 954 3142 sq.
978 3094 1042 3140 qui
1067 3093 1121 3128 ita
1143 3104 1225 3129 eam
1250 3094 1419 3129 imitatus
1443 3098 1520 3131 est:

1037 3157 1173 3197 nuent
1193 3155 1260 3197 mit
1281 3155 1435 3207 flnir'c
1458 3154 1582 3197 §tute

1036 3221 1210 3266 numm
1232 3222 1526 3263 matrum

1796 3287 1820 3323 2
1841 3285 1864 3312 t
