2736 3373
163 215 210 261 in
251 216 412 278 quihus
451 216 597 262 maior
637 215 852 278 quaedam
890 215 1000 261 mihi
1036 215 1185 261 inesse
1224 215 1397 262 videtur
1434 215 1525 270 vis,
1569 218 1638 262 vel
1675 215 1777 280 quia
1813 216 1963 279 plures
2001 214 2130 260 iniis
2159 212 2508 259 homoeoteleuti

166 292 340 355 species
368 292 631 341 coniunctae
661 303 792 349 suut,
822 290 891 338 vel
923 291 1024 355 quia
1053 291 1173 339 aliud
1202 293 1337 339 etiam
1364 292 1533 340 accedit
1561 292 1891 342 allitterationis
1919 290 2071 356 genus.

330 397 386 440 A.
444 396 497 441 In
528 394 748 442 continuis
778 394 954 440 duobus
984 394 1187 440 versibus

223 470 371 517 Carm.
402 477 438 521 Ι.
473 484 509 518 1.
536 482 576 528 2,
607 485 655 518 a:
715 472 761 517 Ο
793 483 837 518 et
859 473 1136 532 praesidium
1164 477 1207 530 *)
1237 483 1280 518 et
1309 470 1435 517 dulce
1465 471 1603 519 decus
1632 489 1783 519 meum

717 551 832 598 Sunt
862 567 976 611 quos
1005 550 1221 597 curriculo
1245 549 1479 609 pulverem
1508 550 1811 614 Olympicum.

471 641 505 677 1.
532 640 580 684 ιι,
609 637 657 675 5:
718 628 968 690 Collegissc
996 629 1117 675 iuvat
1145 640 1347 692 metaque
1372 628 1556 674 fervidis

714 706 893 752 Evitata
922 707 1033 753 rotis
1062 707 1297 769 palmaque
1328 706 1505 753 nobilis.

411 797 450 838 4.
484 796 554 840 17,
587 792 659 832 18:
686 784 777 855 ‚Et
808 786 970 832 domus
1001 786 1127 831 exilis
1152 785 1387 831 Plutonia:
1418 801 1506 847 quo
1534 785 1666 830 simul
1695 785 1863 830 mear-is

720 861 817 908 Nec
845 880 982 923 regna
1009 864 1100 909 vini
1127 864 1313 909 sortiere
1343 862 1464 907 talis.

469 950 509 985 5.
544 954 580 995 1,
608 950 658 984 2:
717 940 836 999 Quis
864 941 1009 984 multa
1037 942 1217 1002 gracilis
1245 951 1288 987 et
1304 943 1425 999 'puer
1451 939 1495 984 in
1527 954 1637 984 rosa

718 1018 932 1062 Perfusus
963 1018 1143 1081 lividis
1171 1029 1328 1079 urguet
1359 1009 1583 1062 odoribus.

414 1106 456 1149 7.
484 1106 553 1151 27,
582 1103 658 1142 282
716 1095 793 1142 Nil
822 1096 1152 1157 desperandum
1183 1096 1358 1140 Teucro
1388 1096 1499 1138 duce
1530 1103 1572 1138 et
1599 1091 1778 1153 auspice
1809 1091 1984 1137 Teucro

718 1172 879 1218 Certus
910 1173 1027 1217 enim
1055 1172 1262 1232 promisit
1292 1170 1473 1232 Apollo.

413 1253 453 1296 8.
485 1259 553 1302 11,
581 1260 655 1294 12:
714 1247 931 1302 Brachia,
961 1266 1102 1306 saepe
1129 1249 1273 1301 disco,

682 1320 689 1330 ’
716 1328 869 1384 Saepe
897 1339 1019 1372 trans
1049 1329 1184 1372 finem
1213 1328 1358 1372 iaculo
1390 1327 1556 1391 nobilis
1586 1325 1826 1387 expedito?

415 1417 455 1461 9.
483 1417 552 1460 22,
581 1416 660 1451 232
718 1403 849 1451 Nunc
879 1416 923 1449 et
951 1405 1129 1449 latentis
1152 1405 1363 1462 proditor
1389 1405 1547 1449 intimo

720 1484 888 1528 Gratus
911 1481 1090 1539 puellae
1119 1481 1235 1526 risus
1266 1482 1327 1526 ab
1358 1481 1537 1540 angulo.

452 1572 514 1606 12.
544 1573 583 1617 7,
614 1567 662 1606 8:
725 1561 857 1606 Unde
887 1560 1090 1605 vocalem
1119 1569 1283 1603 temere
1310 1559 1545 1602 insecutae

720 1639 906 1702 Orphea
934 1639 1090 1683 silvae.

386 1727 449 1767 14.
482 1727 546 1772 17,
580 1723 653 1763 162
710 1718 875 1780 Nuper
905 1714 1147 1761 sollicitum
1177 1729 1290 1775 quae
1320 1712 1432 1758 mihi
1460 1712 1678 1768 taedium,

716 1794 854 1840 Nunc
885 1794 1153 1839 desiderium
1183 1807 1375 1852 curaque
1406 1806 1500 1834 non
1529 1790 1652 1836 levis.

387 1878 449 1919 15.
483 1879 546 1928 15,
581 1873 653 1917 16:
713 1871 889 1917 Imbelli
918 1868 1087 1915 cithara
1115 1868 1310 1914 carmina
1339 1867 1533 1913 divides:

718 1947 789 1996 Ne
821 1948 1061 2011 quidquam
1091 1945 1289 1993 thalamo
1319 1962 1490 2007 graves,

388 2032 451 2072 15.
484 2037 547 2080 17,
581 2031 655 2071 18:
711 2024 904 2079 Hastas,
934 2038 978 2071 et
1006 2024 1170 2071 calami
1194 2022 1363 2087 spicula
1394 2022 1562 2068 Gnosii

715 2103 895 2148 Vitabis
925 2103 1246 2165 strepitumque
1276 2113 1319 2145 et
1346 2102 1535 2146 celerem
1563 2103 1703 2163 sequi.

450 2184 511 2226 16.
541 2194 581 2236 7,
610 2189 659 2228 8:
715 2182 826 2228 Non
854 2182 993 2225 Liber
1022 2197 1168 2241 aeque
1197 2196 1290 2224 non
1320 2190 1461 2224 acuta

714 2259 764 2305 Si
793 2258 1022 2319 geminant
1052 2257 1332 2318 Corybantes
1362 2273 1489 2302 aera.

442 2345 511 2382 21.
540 2347 581 2392 7,
610 2342 659 2382 8:
718 2335 874 2397 Nigris
903 2343 985 2380 aut
1012 2333 1281 2394 Erymanthi

719 2413 855 2462 Silvis
882 2420 965 2459 aut
991 2411 1141 2458 viridis
1170 2411 1319 2473 Cragi.

386 2500 455 2539 21.
488 2504 550 2547 11,
584 2501 661 2538 12:
717 2492 1025 2552 insignemque
1055 2488 1273 2551 pharetra

718 2566 756 2616 F
759 2578 1024 2630 raternaque
1054 2565 1286 2615 humerum
1315 2565 1429 2627 lyra.

386 2655 453 2694 22.
482 2656 550 2702 23,
579 2656 660 2698 2l⁸=
715 2645 870 2693 Dulce
898 2646 1119 2692 ridentem
1149 2646 1350 2706 Lalagen
1377 2645 1561 2698 amabo;

717 2723 871 2771 Dulce
896 2723 1169 2786 loquentem.

286 2926 324 2967 ²⁸)
359 2925 484 2959 Verba
504 2930 723 2967 praeced-’um
745 2934 781 2960 ee
806 2937 853 2961 eo
881 2927 993 2961 modo
1020 2925 1296 2972 pronuntianda
1322 2938 1426 2969 esse,
1460 2935 1534 2971 quo
1560 2925 1674 2959 hodie
1698 2925 1779 2960 fere
1803 2927 1950 2968 solent,
1983 2932 2024 2960 ut
2048 2938 2103 2960 um
2128 2926 2278 2972 syllaba
2303 2928 2413 2973 plane
2439 2939 2511 2962 nou

354 2990 586 3034 percipiatur
618 2991 795 3032 auribus,
829 2990 924 3025 mihi
961 2990 1188 3035 persuadere
1222 3000 1296 3025 non
1330 3000 1493 3034 possum.
1544 2990 1697 3024 Rectam
1730 2990 1823 3025 talia
1855 2989 2123 3036 pronuntiandi
2153 2990 2338 3025 rationem
2373 2991 2512 3027 docere

355 3062 425 3087 uos
452 3052 637 3095 videntur,
661 3054 726 3099 qui
750 3053 866 3089 talem
889 3053 1030 3089 litteris
1057 3054 1331 3100 consignabant
1356 3053 1535 3099 linguam,
1561 3053 1684 3099 qualis
1707 3054 1745 3088 in
1772 3053 2049 3099 pronuntiando
2075 3053 2313 3096 audiebatur,
2338 3055 2512 3090 comico·

355 3116 462 3160 dico;
496 3115 565 3152 cfr.
593 3116 639 3150 de
664 3115 732 3151 hac
757 3127 798 3152 re
826 3118 868 3156 C.
893 3116 940 3152 L.
966 3115 1190 3152 Schneideri
1215 3115 1382 3154 Gramm.
1408 3116 1436 3152 1.
1464 3120 1496 3154 1.
1527 3126 1559 3162 ι).
1586 3119 1655 3155 168
1680 3126 1734 3162 sq.
1760 3122 1798 3153 et
1823 3115 1952 3153 Osann
1979 3116 2015 3152 in
2040 3115 2158 3159 libro,
2185 3116 2247 3161 qui
2274 3116 2511 3153 inscribitur:

354 3177 549 3224 3eit5d>rift
572 3177 631 3220 fstr
652 3179 903 3226 Ultertbumss.
927 3180 995 3219 lv.
1019 3180 1146 3228 Βούτᾳ.
1174 3181 1202 3216 1.
1229 3179 1266 3227 ρ’.
1291 3182 1350 3217 58.
