2736 3373
885 252 1114 300 Mercator
1138 260 1339 298 metuens
1361 230 1510 298 xotium
1539 263 1583 298 et
1611 254 1777 317 oppidi

764 324 776 348 '
882 327 1066 380 tundat·
1086 346 1188 377 rura
1214 329 1297 377 eui.
1325 334 1367 387 ⁴³)

173 422 371 470 Minoris
409 423 624 480 momenti
661 436 759 469 esse
787 421 959 470 videtur
985 422 1409 480 homoeoteleuton,
1450 424 1572 487 quod
1600 425 1649 472 fit
1674 426 1721 472 in
1747 425 1896 473 medio
1926 423 2104 488 priore,
2142 433 2340 471 extremo
2367 423 2507 470 altero

179 516 335 556 versu,
363 499 502 549 nimio
531 501 643 549 illud
668 501 900 550 intervallo
931 500 1196 557 disiunctum
1225 521 1263 549 e.
1290 522 1333 567 g.
1362 504 1512 555 Carm.
1540 504 1577 549 1.
1605 515 1643 549 1.
1670 514 1748 559 20,
1774 514 1853 550 Ωιι

777 596 873 644 Nec
900 608 1075 660 partem
1102 598 1246 643 solido
1276 599 1455 645 demere
1485 600 1540 644 de
1569 600 1641 644 die

779 677 982 739 Spernit,
1011 693 1128 722 nunc
1157 677 1285 724 viridi
1311 679 1514 724 membra
1542 681 1624 723 suh
1655 678 1829 723 arbuto.

176 769 231 813 Iu
259 784 348 814 uno
380 770 625 834 eodemque
655 754 783 818 versu
813 780 991 833 praeter
1017 771 1149 828 illud,
1179 771 1299 842 quod
1326 772 1375 822 fit
1402 771 1448 819 in
1478 771 1628 818 medio
1657 781 1700 818 et
1725 770 1928 818 'extremo
1958 786 2109 828 versu,
2138 771 2349 834 cuiusque
2378 782 2507 819 autea

177 846 451 893 mentionem
491 846 596 905 feci,
635 849 874 913 praecipue
901 848 948 896 id
978 850 1302 899 observandum
1333 866 1432 898 esse
1462 859 1571 915 puto
1602 848 2027 907 homoeoteleuton,
2067 850 2186 913 quod
2212 850 2262 902 fit
2287 849 2335 898 in
2364 850 2506 900 couti·

130 947 133 948 ν
177 923 275 970 nuis
304 924 487 973 vocibus
517 926 587 973 vel
617 938 663 975 ut
691 944 828 976 uuum
858 937 1029 981 tautum
1057 928 1305 991 intercedat
1331 929 1516 983 verbum
1545 946 1583 985 e,
1613 947 1653 992 g.
1685 928 1832 980 carm.
1862 926 1897 979 I.
1924 933 1966 974 2.
1996 939 2040 975 ιε

905 1024 1001 1068 Iam
1029 1022 1138 1069 satis
1166 1023 1295 1068 terris
1321 1022 1438 1069 nivis
1462 1037 1595 1087 atque
1624 1022 1759 1068 dirae.

179 1112 463 1177 Quamquam
503 1114 604 1161 hnic
646 1117 850 1181 exemplo
885 1134 979 1165 non
1014 1118 1203 1165 multum
1230 1120 1422 1168 tribuam
1451 1120 1510 1166 ob
1540 1097 1754 1183 syllaham
1782 1120 1823 1163 is
1848 1120 1894 1165 in
1921 1117 2063 1164 terris
2089 1118 2221 1181 plane
2248 1118 2336 1165 alio
2366 1120 2504 1167 modo

177 1194 537 1254 pronuntiatam,
577 1205 708 1258 atque
743 1197 790 1244 in
826 1197 942 1258 satis
969 1208 1013 1249 et
1040 1197 1175 1251 ηίνιῗε,
1214 1198 1260 1244 id
1286 1199 1406 1286 qno-d
1434 1190 1554 1244 recte
1584 1209 1739 1244 monet
1764 1196 1960 1244 Vossius
1988 1196 2131 1242 Instit-
2162 1195 2292 1242 Orat.
2320 1197 2349 1243 l.
2378 1196 2436 1246 V.
2467 1215 2504 1246 c.

177 1266 236 1317 V.
271 1279 312 1316 2.
368 1270 449 1319 Est
484 1281 632 1318 tamen
672 1273 895 1336 quoddam
933 1265 1331 1325 homoeoteleuton
1368 1276 1413 1322 in
1453 1286 1729 1323 consonante
1766 1291 1789 1321 s
1824 1286 1891 1325 ter
1918 1273 2119 1337 repetita,
2176 1272 2383 1337 Denique
2410 1291 2503 1321 non

176 1347 487 1410 negligendum
526 1366 623 1396 esse
659 1351 831 1398 videtur
870 1351 1288 1411 homoeoteleuton,
1329 1354 1450 1420 quod
1488 1355 1537 1407 fit
1572 1354 1620 1401 in
1648 1353 1793 1419 primo
1825 1363 1870 1401 et
1898 1363 2093 1400 extremo
2124 1351 2322 1402 eiusdem
2350 1369 2504 1401 versus

177 1426 421 1482 vocabulo,
452 1428 579 1489 quale
608 1439 676 1475 est
705 1446 741 1479 e.
769 1447 810 1488 g
839 1441 888 1483 3,
917 1436 997 1479 35:

1021 1522 1189 1568 Pennis
1216 1518 1309 1569 non
1338 1522 1512 1573 homiui
1541 1522 1667 1569 datis.

338 1623 434 1670 Has
462 1621 594 1686 igitur
623 1624 817 1673 diversas
847 1625 1195 1674 homoeoteleuti
1223 1628 1396 1693 species
1426 1627 1466 1675 si
1494 1625 1876 1691 comprehendere
1905 1625 2105 1690 velimus,
2135 1626 2218 1673 hae
2246 1625 2335 1673 fere
2365 1637 2505 1675 erunt.

176 1701 248 1751 Fit
276 1701 697 1753 homoeoteleutoux

285 1782 340 1827 A.
399 1781 449 1825 ln
480 1781 700 1826 continuis
731 1781 903 1827 duobus
931 1782 1154 1838 versibus,
1184 1794 1227 1832 et
1256 1782 1457 1848 quidem;

393 1865 438 1914 a)
496 1859 546 1903 In
577 1859 663 1904 fine
691 1861 915 1922 utriusque
945 1878 1111 1914 versus,

392 1938 441 1992 b)
499 1937 726 1982 ln⁴medio
758 1948 946 1999 utroque
976 1955 1119 1988 versu.

396 2019 438 2068 c)
499 2014 547 2056 lu
577 2014 660 2058 fine
688 2015 849 2076 prioris
878 2015 1231 2067 versus,'medio
1261 2015 1419 2063 altero.

393 2091 440 2146 d)
494 2092 544 2136 In
576 2093 721 2135 medio
751 2094 900 2154 priore
929 2109 1081 2147 versu,
1111 2104 1155 2136 et
1181 2094 1267 2136 fine
1291 2093 1486 2145 alterius,

284 2168 336 2218 B.
398 2169 567 2212 {nuno
600 2170 846 2231 eodemque
875 2184 1025 2225 versu,
1054 2181 1096 2213 et
1126 2171 1323 2232 quidem:

394 2251 441 2304 a)
496 2248 548 2289 ln
577 2248 724 2296 medio
756 2258 799 2291 et
828 2257 1023 2291 extremo
1053 2234 1196 2294 versu.

392 2327 442 2382 b)
502 2325 551 2367 In
581 2324 800 2367 continuis
830 2325 1025 2369 vocibus.

393 2407 436 2461 c)
492 2402 543 2446 lu
573 2401 718 2468 primo
749 2413 792 2449 et
820 2402 974 2448 ultimo
1004 2418 1157 2450 versus
1189 2401 1383 2450 eiusdem
1412 2401 1663 2450 vocabula*

176 2481 319 2528 Huius
360 2480 534 2542 generis
574 2481 776 2542 exempla
816 2491 980 2547 quanto
1020 2496 1204 2528 numero
1247 2480 1367 2541 apud
1405 2477 1640 2527 Horatium
1680 2487 1875 2534 exstent,
1916 2477 2016 2524 inde
2052 2479 2140 2523 iam
2179 2478 2330 2540 colligi
2359 2497 2497 2543 posse

175 2569 310 2625 puto,
351 2557 511 2625 quod
499 2574 543 2602 in
571 2559 716 2620 primo
748 2569 917 2606 tantum
947 2558 1078 2620 primi
1108 2558 1206 2603 libri
1236 2558 1453 2614 carmine,
1492 2568 1540 2604 ut
1564 2567 1693 2603 antea
1722 2556 1901 2612 monui,
1944 2555 2190 2620 quindecim
2220 2558 2499 2620 reperiantur

175 2641 303 2687 unius
339 2635 689 2683 homoeoteleuti
726 2635 889 2698 speciei
932 2636 1161 2699 exempla,
1201 2648 1330 2708 atque
1368 2635 1415 2680 in
1442 2635 1621 2725 reli-quis
1652 2632 1782 2680 etiam
1812 2633 2076 2680 carminibus
2107 2650 2372 2697 quamquam
2403 2655 2497 2687 non

173 2714 319 2770 tauto,
361 2727 509 2760 tamen
552 2714 658 2760 satis
698 2730 861 2775 magno
902 2730 1100 2759 numero.
1159 2713 1288 2773 Quae
1326 2714 1363 2758 si
1405 2715 1554 2764 omnia
1594 2713 1795 2773 proferre
1834 2711 2014 2765 vellem,
2051 2710 2118 2756 vix
2147 2711 2370 2759 videretur
2398 2733 2498 2762 esse

171 2793 457 2839 enumerandi
484 2793 594 2836 finis.
652 2793 825 2853 Itaque,
856 2791 966 2836 locis
995 2806 1129 2853 supra
1160 2792 1216 2834 ad
1246 2792 1266 2834 1
1294 2808 1432 2850 genus
1463 2791 1605 2835 allatis
1636 2806 1734 2834 cum
1762 2791 1891 2852 plura
1917 2790 2005 2833 iam
2033 2790 2356 2847 contineantur,
2384 2810 2497 2856 quae

173 2870 259 2914 huc
289 2871 420 2916 etiam
449 2869 599 2923 referri
626 2868 807 2938 possint
835 2869 1059 2931 exempla,
1099 2870 1329 2929 designata
1359 2869 1437 2917 illa
1463 2868 1613 2916 addito
1645 2874 1744 2925 (ΙΙ),
1781 2868 1866 2912 illis
1894 2884 2010 2912 nunc
2038 2881 2090 2910 ea
2118 2877 2293 2915 tantum
2321 2859 2496 2925 addam,

286 3042 321 3080 ·)
355 3040 437 3074 Hoc
470 3038 800 3080 homoeoteleuton
832 3037 1110 3082 quodammodo
1142 3037 1311 3072 imitatus
1345 3042 1404 3074 est
1438 3040 1570 3072 Geldu-
1604 3038 1643 3071 in
1679 3038 1922 3072 translatione
1953 3035 2131 3077 metrica,
2163 3045 2259 3088 quae
2284 3038 2423 3084 prodiit
2447 3047 2494 3078 ex

356 3102 522 3145 officina.
547 3111 643 3153 quae
669 3101 731 3138 hic
752 3101 885 3145 floret,
909 3099 1219 3139 Baedekerinna:

731 3166 823 3213 3⁰9⁸
846 3167 918 3203 ber
927 3162 1108 3211 ῡᾶιιῡῑιτ
1133 3167 1204 3208 nub
1227 3165 1347 3214 {MV
1373 3165 1443 3204 [obt
1471 3173 1507 3202 et
1532 3166 1604 3206 unt>
1628 3163 1795 3206 uermes»

734 3228 872 3277 §eines
898 3227 1131 3273 &demente
1156 3227 1205 3265 ἰιιι
1228 3229 1297 3266 mu
1321 3229 1436 3272 §effert
1460 3231 1524 3265 bot
1549 3228 1629 3270 mre
1652 3226 1768 3271 &civia
1788 3234 1830 3272 ιε
