2736 3373
211 84 284 140 u

209 216 276 254 ter
314 221 364 255 se
397 206 739 270 responderent.
795 207 948 268 Quare
985 205 1119 254 etiam
1157 205 1204 253 in
1243 204 1424 269 reliquis
1455 203 1726 255 carminibus
1754 204 1971 257 Horatius
2001 208 2084 256 hac
2112 207 2263 269 speeie
2292 204 2555 268 saepissime

212 299 322 330 usus
352 295 434 341 est,
464 285 606 331 rarius
623 295 821 340 'tantum,
850 284 887 330 si
917 301 1018 330 cum
1048 283 1206 329 ceteris
1235 290 1488 347 comparas,
1514 284 1560 330 iu
1590 285 1861 349 carminihps
1888 298 2033 334 metro
2062 284 2246 334 Alcaico
2275 284 2556 347 conscriptis.

383 408 568 456 Praeter
607 407 721 456 hauc
758 409 977 472 speciem,
1012 407 1147 470 longe
1177 406 1299 454 illam
1327 405 1758 471 frequentissimam,
1794 421 1964 459 veteres
1994 423 2157 476 poetae
2186 427 2238 457 ea
2264 412 2453 457 maxime
2482 410 2556 456 de·

215 486 368 533 lectati
396 503 496 534 esse
524 488 750 544 videntur,
792 504 879 550 qua
908 502 1062 532 versus
1092 485 1293 532 continui
1322 485 1410 532 duo
1442 485 1511 531 vel
1542 496 1631 533 tres
1662 488 1986 535 concluduntur
2013 488 2404 571 homoeoteleuto,
2434 488 2554 535 cuins

217 565 384 630 speciei
411 565 533 614 idem
559 564 774 614 Horatius
803 581 897 611 non
926 580 1069 628 pauca
1097 564 1281 628 praebet
1310 565 1511 628 exempla
1541 583 1577 611 e.
1608 583 1649 627 g.
1679 567 1826 613 Carm.
1857 567 1889 616 l.
1915 577 1957 621 9.
1986 579 2037 621 7,
2064 574 2114 614 82

931 658 1163 722 Deprome
1193 660 1468 723 quadrimum
1497 660 1693 718 Sabina,

931 737 978 784 O
1007 738 1308 793 Thaliarche,
1338 757 1507 785 merum
1537 739 1681 789 diota.

218 831 337 881 Tres
366 850 519 881 versus
548 832 940 880 homoeoteleutos
968 834 1164 898 reperies
1194 838 1342 881 Carm.
1373 835 1407 881 1.
1439 843 1478 878 2.
1511 845 1585 889 13,
1616 844 1689 892 ιιι,
1722 842 1794 881 152

940 929 1143 978 Vidimus
1172 928 1333 977 flavum
1364 928 1594 985 Tiberim,
1623 928 1800 977 retortis

929 1006 1102 1054 Littore
1131 1006 1319 1054 Etrusco
1351 1007 1568 1054 violenter
1596 1006 1748 1062 undis,

932 1084 1000 1131 Ire
1031 1084 1248 1133 deiectum
1277 1095 1564 1133 monumenta
1591 1086 1719 1146 regis.

216 1178 426 1243 Denique
467 1191 678 1244 quattuor
720 1184 879 1237 etiam,
922 1198 1111 1244 quorum
1149 1182 1317 1244 primus
1346 1186 1434 1227 iam
1463 1192 1592 1227 autea
1621 1192 1689 1227 est
1716 1192 2117 1236 commemoratus,
2159 1183 2318 1245 quique
2348 1183 2556 1243 cuiusque

215 1257 391 1318 generis
420 1258 735 1304 allitteratione
764 1269 1076 1321 perstrepunt=

823 1351 989 1398 Oderit
1017 1367 1223 1412 campum
1247 1353 1427 1413 patiens
1450 1353 1650 1412 pulveris
1678 1363 1810 1415 atque
1840 1353 1951 1399 solis

825 1429 915 1476 Cur
942 1447 1086 1491 neque
1114 1430 1329 1476 militaris

821 1506 947 1553 Inter
976 1505 1191 1567 aequales
1224 1505 1391 1567 equitat
1421 1504 1596 1552 Gallica
1622 1524 1705 1553 nec
1734 1506 1900 1568 lupatis

824 1585 1072 1648 Temperat
1106 1602 1185 1631 ora
1212 1584 1409 1631 fraenis?

214 1678 457 1726 Praeterea
484 1679 530 1725 in
559 1680 781 1726 coutinuis
811 1680 985 1725 duobus
1016 1680 1219 1726 versibus
1249 1679 1336 1724 hoc
1366 1678 1498 1723 etiam
1528 1678 1858 1726 observandum
1888 1691 1957 1728 est
1985 1680 2394 1735 homoeoteleuton,
2423 1698 2556 1744 quum

214 1757 338 1820 prins
368 1756 697 1805 hemistichium
727 1760 952 1822 utriusque
982 1775 1136 1805 versus
1167 1757 1327 1803 eodem
1357 1758 1495 1803 modo
1525 1758 1800 1806 terminatur.
1858 1775 1895 1805 e.
1924 1776 1965 1819 g.
1993 1760 2027 1807 l.
2057 1768 2095 1803 2.
2126 1761 2201 1814 46,
2231 1770 2306 1813 47:

924 1854 1094 1901 Laetus
1122 1853 1299 1899 intersis
1326 1852 1498 1914 populo
1529 1852 1731 1913 Quirini,

925 1930 1051 1978 Neve
1081 1941 1122 1975 te
1150 1931 1320 1975 nostris
1346 1930 1463 1975 vitiis
1493 1931 1705 1993 iniquum.

217 2024 343 2070 Haec
371 2026 547 2087 species
580 2042 681 2070 cum
711 2025 1007 2087 praecedente
1041 2025 1278 2069 coniuncta
1305 2024 1522 2086 reperitur
1552 2023 1699 2068 Carm.
1728 2024 1762 2068 1.
1797 2035 1833 2069 ι.
1862 2029 1941 2080 18,
1974 2033 2047 2079 ¹9:

938 2120 1141 2179 Quassas
1172 2117 1379 2163 indocilis
1408 2118 1666 2181 pauperiem
1695 2118 1799 2181 pati

929 2197 1014 2243 Est
1042 2197 1114 2260 qui
1143 2211 1226 2243 nec
1255 2196 1416 2242 veteris
1442 2197 1606 2260 pocula
1637 2195 1834 2244 Massici.

216 2303 310 2340 tum
340 2290 473 2340 etiam
503 2290 561 2339 ll.
597 2301 658 2347 17.
689 2300 767 2347 21,
796 2300 870 2339 222
932 2291 1182 2351 Utrumque
1212 2299 1421 2336 nostrum
1448 2291 1694 2337 incredibili
1721 2293 1859 2336 modo

933 2367 1172 2416 Consentit
1200 2377 1386 2414 astrum
1444 2367 1515 2414 Te
1546 2368 1665 2413 lovis
1694 2368 1848 2431 impio.

216 2465 319 2510 Hoc
339 2464 743 2509 homoeoteleuton
766 2465 1049 2522 implicatum
1075 2481 1111 2511 s.
1140 2465 1384 2509 alternans
1411 2465 1492 2525 (is,
1521 2464 1560 2518 i,
1590 2464 1652 2518 is,
1679 2463 1717 2518 i;
1748 2480 1841 2520 nm,
1872 2478 1925 2519 o,
1955 2481 2053 2521 nm,
2083 2470 2150 2523 o;)
2177 2466 2325 2515 dicere
2354 2468 2456 2518 licet
2483 2489 2558 2518 eo.

223 2543 324 2588 dem
364 2543 482 2595 iure,
526 2558 615 2604 quo
654 2553 786 2585 antea
825 2558 862 2586 e.
889 2559 930 2602 g.
952 2557 1141 2601 pronos
1168 2544 1330 2588 relabi
1346 2558 1494 2602 posse
1521 2542 1649 2585 rivos
1675 2540 2036 2588 allitterationem
2065 2542 2334 2607 implicatam
2364 2563 2398 2594 s.
2428 2548 2559 2594 alter·

222 2631 402 2667 nantem
432 2621 637 2667 diximus.
694 2619 909 2666 Eiusdem
938 2621 1112 2681 generis
1147 2632 1252 2668 sunt
1282 2638 1460 2673 versus,
1491 2619 1564 2683 qui
1594 2620 1796 2681 leguntur
1826 2619 1975 2666 Carm.
2006 2621 2039 2667 1.
2076 2631 2140 2667 12.
2167 2633 2242 2675 88,
2269 2634 2347 2674 δάε

825 2715 1068 2761 Romulum
1090 2727 1201 2775 post
1228 2716 1314 2761 hos
1334 2717 1487 2775 prius,
1517 2733 1573 2761 an
1604 2716 1801 2779 quietum

826 2794 1023 2853 Pompili
1054 2811 1237 2854 regnum
1266 2811 1534 2848 memorem,
1569 2809 1626 2838 an
1656 2794 1875 2855 superbos

220 2894 317 2945 (os,
346 2906 447 2942 um,
477 2905 575 2943 um,
603 2894 686 2944 os,)
716 2889 838 2953 quod
868 2889 1267 2933 homoeoteleuton
1301 2890 1547 2953 respondet
1576 2888 1701 2941 huic,
1732 2904 1820 2951 quo
1849 2898 1979 2934 antea
2003 2903 2108 2934 usus
2139 2902 2261 2940 sum,
2287 2887 2558 2937 allitteratio-

219 2969 289 3013 nis
319 2966 571 3029 implicatae
601 2968 829 3031 exemplo:
861 2967 1113 3013 Thessalos
1141 2967 1276 3028 ignes
1305 2976 1349 3013 et
1378 2969 1550 3031 iniqua
1581 2967 1774 3012 Troiae.

383 3090 505 3136 Tum
546 3091 678 3137 etiam
717 3094 762 3138 in
805 3092 1030 3139 continuis
1072 3092 1244 3139 duobus
1285 3093 1483 3138 versibus
1523 3093 1570 3138 fit
1607 3091 2005 3137 homoeoteleuton
2038 3091 2260 3152 quoddam
2290 3093 2334 3138 in
2364 3104 2558 3140 extremo
2627 3107 2629 3109 ·

221 3170 394 3230 priore,
424 3169 574 3215 medio
602 3169 745 3216 altero
774 3187 928 3229 versu,
956 3171 1086 3236 quale
1113 3182 1182 3219 est
1211 3171 1360 3218 Carm.
1392 3170 1426 3218 l.
1459 3181 1491 3219 ι.
1526 3172 1596 3226 ¹6,
1625 3181 1700 3226 17:
