2736 3373
198 99 266 151 1¹

556 230 596 273 9.
626 227 666 272 2,
696 230 748 278 az·
801 217 985 264 Soracte
1016 233 1097 263 nec
1126 218 1214 263 iam
1241 216 1490 263 sustineant
1519 232 1632 263 onus
1656 206 1660 209 ⁷

804 294 958 341 Silvae
988 294 1246 341 laborantes
1274 293 1478 357 geluque.

500 383 541 429 9.
572 384 638 420 1³.
674 385 744 425 14:
807 371 928 431 Quid
958 372 1016 418 sit
1028 371 1239 434 ficturum
1268 387 1370 418 cras
1380 360 1500 432 juge
1532 385 1769 431 quaerere:
1799 383 1842 417 et

806 448 954 510 Quem
982 449 1077 496 fors
1108 449 1278 495 dierum
1310 464 1482 511 cunque
1511 448 1635 497 dabit
1662 450 1802 496 lucro.

541 540 602 578 to.
631 541 670 585 7,
696 534 746 576 8:
808 527 1032 574 Callidum
1063 528 1286 590 quidquid
1311 527 1481 590 placuit
1511 528 1666 575 iocoso

808 604 1015 650 Condere
1045 605 1177 651 furto.
1197 649 1213 665 ,
1234 607 1331 666 (ΙΙ.)

379 698 441 734 12.
473 690 539 742 46,
568 697 634 740 47,
665 690 742 736 48:
801 682 949 729 Fama
977 683 1191 730 Marcelli
1219 684 1353 730 micat
1383 685 1498 730 inter
1528 701 1687 731 omnes

803 760 969 806 Iulium
999 761 1143 815 sidus,
1175 752 1292 808 velut
1321 764 1437 808 iuter
1465 765 1594 821 ignes

804 841 936 885 Luna
965 840 1178 886 minores.

477 929 539 966 ¹2.
571 926 642 972 55,
670 918 748 964 56:
805 916 916 962 Sive
946 918 1171 963 subiectos
1203 916 1398 963 Orientis
1431 935 1537 963 orae

805 994 939 1042 Seras
972 1009 1014 1041 et
1042 998 1193 1041 Indos.
1250 998 1344 1054 (ΙΙ.)

532 1089 598 1122 13.
630 1089 667 1128 1,
697 1085 746 1119 2:
809 1074 920 1119 Cum
951 1087 996 1120 tn
1026 1074 1168 1133 Lydia
1197 1075 1391 1132 Telephi

811 1153 1039 1200 Cervicem
1070 1170 1247 1199 roseam
1276 1169 1404 1213 cerea
1435 1153 1634 1211 Telephi.
1691 1154 1788 1213 (II.)

511 1243 576 1278 15.
607 1243 646 1285 9,
678 1244 748 1276 10:
805 1232 934 1276 Eheu
965 1244 1161 1292 quantus
1193 1232 1340 1291 equis,
1371 1242 1567 1292 quantus
1598 1231 1726 1275 adest
1756 1232 1863 1275 viris
1890 1231 1987 1293 (ll.)

802 1312 976 1357 Sudor!
1007 1321 1183 1369 quanta
1213 1326 1366 1354 moves
1397 1311 1560 1354 funera
1590 1309 1843 1359 Dardanae.

478 1391 538 1436 16.
569 1395 636 1442 25,
667 1391 743 1433 26:
800 1388 933 1432 Misit
961 1387 1207 1431 furentem:
1239 1403 1356 1430 nunc
1386 1403 1469 1448 ego
1500 1387 1682 1432 mitibus

806 1467 985 1509 Mutare
1016 1477 1179 1527 quaero
1212 1465 1377 1522 tristia3
1405 1466 1510 1512 dum
1539 1465 1660 1509 mihi.

530 1550 593 1588 18.
623 1555 662 1596 7,
694 1550 743 1587 3:
804 1547 864 1588 At
893 1560 949 1587 ne
981 1543 1076 1605 quis
1106 1542 1278 1587 modici
1302 1543 1546 1588 transsiliat
1574 1557 1756 1589 munera
1784 1541 1947 1587 Liberi
1968 1542 2068 1598 (ll.)

807 1620 1059 1671 Centaurea
1087 1631 1241 1666 monet
1268 1638 1366 1665 cum
1396 1619 1601 1682 Lapithis
1631 1619 1724 1665 rixa
1753 1635 1887 1681 snper
1914 1636 2054 1666 mero.

477 1706 536 1744 18.
568 1710 633 1751 13,
670 1711 743 1749 14:
801 1698 894 1743 Sub
925 1699 1072 1749 divum
1102 1698 1284 1763 rapiam.
1342 1697 1485 1744 Saeva
1514 1708 1615 1743 tene
1646 1714 1746 1742 cum
1773 1697 2042 1755 Berecyntio

806 1776 958 1823 Cornu
987 1789 1225 1840 tympana,
1254 1792 1366 1836 quae
1395 1777 1678 1839 subsequitur
1710 1791 1867 1822 caecus
1897 1791 2024 1821 amor
2053 1776 2131 1826 sui.

468 1866 538 1900 21.
571 1868 634 1911 ω,
670 1863 742 1900 ι5;
801 1856 1073 1917 Pestemque
1104 1871 1131 1898 a
1153 1854 1329 1913 populo
1354 1854 1560 1912 principe
1593 1854 1785 1901 Caesare
1814 1854 1858 1900 in

804 1932 968 1977 Persas
996 1942 1126 1995 atque
1155 1932 1411 1976 Britannos.

528 2019 594 2064 22.
625 2017 666 2063 5,
695 2011 744 2053 6:
802 2009 913 2054 Sive
944 2026 1024 2074 per
1050 2010 1201 2072 Syrtes
1229 2009 1312 2054 iter
1340 2019 1569 2056 aestuosas

807 2087 917 2158 Sive
947 2087 1143 2133 facturus
1176 2104 1257 2155 per
1284 2087 1613 2152 inhospitalem.

463 2175 529 2217 24.
557 2175 596 2220 2,
626 2177 663 2220 3,
694 2178 742 2216 [μ
802 2165 921 2211 Tam
950 2165 1040 2215 cari
1070 2165 1262 2224 capitis?
1318 2164 1536 2223 Praecipe
1567 2165 1774 2225 lugubres
1803 2166 1927 2225 (ΙΙΙ.)

809 2241 999 2299 Cautus,
1028 2242 1344 2304 Melpomene,
1374 2242 1446 2289 cui
1474 2242 1688 2305 liquidam
1717 2243 1853 2293 Pater

803 2319 985 2369 Vocem
1014 2339 1114 2367 cum
1146 2320 1315 2368 cithara
1344 2321 1478 2366 dedit.

540 2406 606 2444 25.
636 2406 675 2453 5,
704 2401 752 2445 6:
812 2398 940 2459 Quae
970 2397 1094 2461 prius
1123 2397 1313 2444 multum
1339 2396 1481 2443 facilis
1511 2398 1719 2444 movebat

814 2476 1042 2522 cardines.
1098 2476 1240 2521 Audis
1270 2475 1417 2520 minus
1449 2486 1492 2520 et
1521 2474 1667 2528 minus
1697 2475 1799 2524 iam.

478 2561 544 2600 28.
581 2566 644 2606 ιι,
679 2563 750 2599 12:
807 2549 1065 2600 Demissum
1097 2553 1295 2616 quamvis
1323 2552 1477 2614 clypeo
1508 2552 1708 2599 Troiana
1736 2554 1870 2601 refixo
1900 2557 1995 2613 (ll.)

809 2632 1036 2695 Tempora
1064 2640 1280 2686 testatus,
1308 2630 1419 2676 nihil
1447 2632 1579 2677 ultra.

480 2713 543 2758 ³6.
575 2720 640 2766 15,
676 2715 750 2758 16:
808 2712 915 2758 Neu
945 2711 1091 2757 desint
1117 2711 1260 2774 epulis
1289 2727 1420 2757 rosae

811 2790 918 2836 Neu
947 2789 1071 2835 vivax
1099 2791 1251 2856 apium
1281 2806 1370 2836 neu
1398 2791 1530 2838 breve
1562 2790 1713 2854 lilium.
1744 2792 1844 2849 (ll.)

479 2872 542 2913 36.
578 2876 640 2920 18,
675 2879 748 2923 19:
808 2867 1062 2930 Deponent
1092 2868 1247 2914 oculos
1277 2885 1362 2914 nec
1390 2870 1599 2916 Damalis
1631 2886 1747 2915 novo

806 2946 1064 2999 Divelletur
1090 2947 1307 2995 adultero.
1336 2948 1433 3007 (11.)

366 3102 610 3149 Praeterea
652 3113 861 3164 quattuor
900 3120 1055 3150 versus
1084 3106 1140 3150 ab
1173 3105 1330 3152 eadem
1368 3105 1515 3151 littera
1543 3105 1804 3168 incipientes
1834 3107 2055 3167 reperies=
2099 3107 2247 3155 Carm.
2278 3110 2310 3151 1.
2341 3118 2405 3156 90.
2433 3119 2472 3163 2,
2502 3122 2541 3165 a,

202 3194 240 3239 4,
278 3189 330 3236 5;
373 3192 462 3232 tres
505 3194 657 3228 versus
698 3181 752 3227 ab
784 3181 940 3229 eadem
966 3182 1115 3235 littera
1145 3183 1214 3238 vel
1242 3184 1413 3247 syllaba
1441 3178 1729 3246 incipientes:
1776 3184 1923 3231 Carm.
1956 3186 1988 3231 Ι.
2018 3197 2056 3236 3,
2088 3197 2161 3239 17,
2196 3191 2270 3238 18,
2305 3196 2364 3239 19.
2397 3214 2441 3222 —
2481 3198 2541 3232 η.
